2225 3020
1162 217 1232 251 106

411 329 457 364 K„
475 337 545 366 quae
563 325 691 363 ejusdem
709 323 815 362 speciei
829 322 934 352 formas
945 322 1048 359 habeo,
1066 333 1211 361 nunquam
1226 333 1376 361 sporarum
1395 323 1572 363 glomerulos
1594 325 1666 361 vidi,
1685 324 1734 353 sed
1749 325 1913 364 saepissime
1929 325 1986 354 cel-

412 379 480 408 lulas
496 378 621 405 minores
636 374 771 415 globosas
786 379 815 403 et
829 374 955 413 hyalinas
972 374 1001 402 in
1016 373 1143 412 apicibus
1168 373 1345 402 ramulorum
1368 380 1511 403 caeterum
1531 376 1605 404 haud
1624 382 1799 405 mutatorum
1814 376 1985 417 adgregatas

412 436 439 458 et
453 427 617 457 cellularum
633 425 784 461 acervulis,
798 436 869 464 quae
884 425 913 454 in
926 425 1059 453 Nemalio
1074 425 1233 453 anthei-idia
1249 430 1461 463 nuncupantur,
1476 425 1643 455 simillimas.

547 478 580 506 P.
597 480 640 505 16.
679 476 838 505 Deleantur
856 487 872 505 e
892 487 1014 505 numero
1034 487 1185 515 sporarum
1208 475 1380 514 simplicium
1403 476 1420 504 i.
1440 487 1464 505 e.
1487 476 1642 515 plantulam
1664 478 1852 518 germinalem
1873 478 1988 507 unicam

409 529 603 559 evolventium
619 534 647 556 et
660 527 875 556 trauslocentur
889 528 918 556 in
932 527 1092 556 sectionem
1106 537 1256 565 sporarum
1276 526 1421 555 sectilium
1439 538 1541 566 sporae
1555 529 1763 557 Bulboclzaetes
1779 535 1808 558 et
1822 530 1870 566 (ex
1892 529 1989 558 analo-

409 581 470 621 gia)
490 583 652 614 Oedogonii
664 578 911 619 (Pringsheim
934 578 951 606 l.
967 590 990 607 c.
1011 590 1038 617 p.
1054 584 1114 607 '158-
1135 578 1183 618 fig.
1199 578 1349 614 28—33)‚
1370 589 1423 607 nec
1438 589 1498 607 non
1513 581 1742 615 Sphaeropleae,
1763 591 1882 619 quarum
1900 590 1989 620 gene-

409 632 467 667 sin,
486 630 719 660 fecundationem
734 635 762 658 et
776 630 1018 670 germinationem
1039 639 1131 668 nuper
1151 629 1270 670 egregie
1292 628 1447 658 illustravit
1466 629 1502 658 cl.
1518 630 1542 658 C
1553 640 1569 658 o
1580 630 1626 658 hn
1647 631 1840 668 (Monatsber.
1854 631 1880 660 d.
1897 631 1987 660 Akad.

410 682 436 711 d.
451 682 545 711 Wiss.
565 681 622 710 Mai
640 687 716 711 1855.
736 693 762 720 p.
779 683 856 717 335).
896 670 900 674 ⁴

548 733 581 762 P.
596 735 639 761 16.
658 738 698 763 17.
742 732 787 760 Ad
813 731 926 760 conidia
950 742 1068 770 quoque
1091 731 1241 770 pertinent
1265 731 1503 770 „arthrosporae”
1528 734 1707 768 Fusisporii,
1736 743 1803 771 quas
1826 733 1989 773 germinare

410 784 481 814 vidit
495 795 548 813 am.
566 784 725 823 Caspary
744 783 935 821 (Monatsber.
951 783 977 811 d.
993 782 1083 811 Akad.
1099 782 1125 810 d.
1140 782 1233 811 Wiss.
1254 782 1310 811 Mai
1331 789 1406 811 1855.
1426 794 1454 821 p.
1469 790 1530 812 305.
1550 783 1598 823 fig.
1614 790 1628 813 5
1639 785 1725 820 —9).

549 835 582 864 P.
597 841 641 867 39.
684 838 823 862 Characis>
839 838 939 862 obtuso
955 833 1187 862 observationem
1203 833 1289 862 adde:
1310 833 1476 872 Specimina
1490 835 1608 863 maxima
1627 845 1725 863 mense
1740 835 1899 864 Februario
1914 835 1990 864 inter

410 887 614 928 Pringslieimii
626 885 714 926 Algas
730 885 818 914 cultas
833 885 867 913 ad
883 885 926 913 fila
942 885 1110 925 Oedogonii
1126 885 1270 914 cuiusdam
1286 884 1353 921 vidi,
1373 884 1585 926 longitudinem
1604 885 1749 915 insolitam
1768 880 1846 931 ssmm·
1867 892 1896 915 et
1915 897 1990 915 cras-

525 933 548 960 li
558 940 604 951 mm*

525 962 553 983 25

550 989 582 1017 P.
599 988 641 1017 fill.
658 988 707 1016 lin.
728 996 764 1016 w.
792 990 942 1015 Pedlastri
954 991 1094 1015 hir-adiuti
1107 987 1172 1016 loco
1188 986 1253 1026 lege
1267 990 1301 1015 P.
1317 990 1513 1022 Elzrenbergii.

410 938 503 967 sitiem
625 936 804 976 attingentia.

550 1040 582 1068 P.
598 1039 641 1067 liS.
682 1038 828 1067 Characiis
848 1039 972 1077 speciem
991 1044 1159 1077 sequentem
1179 1038 1266 1067 adde:

554 1098 612 1132 14.
645 1096 997 1146 Ch.1)rmgshetnzit.
1034 1096 1180 1133 Cellula
1199 1104 1334 1141 erecta,
1363 1096 1605 1146 subobliqua,
1634 1096 1987 1141 ovato-lanceolata,

411 1163 540 1197 sensim
561 1169 596 1196 et
613 1161 773 1196 breviter
791 1162 1003 1204 acuminata,
1028 1162 1192 1195 acumine
1212 1160 1458 1209 subobliquof,
1487 1162 1596 1210 stipes
1615 1161 1746 1205 brevis,
1770 1161 1846 1196 basi
1864 1163 1901 1196 in
1920 1161 1989 1196 dis-

411 1239 493 1261 cum
516 1227 696 1259 minutum
716 1224 921 1259 coloratum
942 1223 1129 1267 dilatatusss,
1161 1223 1400 1274 cytioplasma
1418 1223 1687 1274 homogeneum
1706 1224 1765 1260 vel
1784 1224 1989 1274 granulato-

409 1297 635 1339 punctatum,
657 1288 809 1338 globulo
829 1287 1049 1323 subceutrali
1066 1301 1173 1338 saepe
1190 1290 1404 1338 conspicuo·⁷
1436 1288 1666 1334 (zoogonidia
1685 1290 1833 1333 innota).

1699 1316 1718 1338 υ

551 1352 713 1387 Berolini
731 1354 767 1386 in
786 1351 855 1386 filis
879 1351 1115 1386 Vauclterae'ae
1133 1354 1261 1387 sessilis
1279 1365 1346 1401 per
1370 1351 1527 1387 hiemem
1547 1351 1647 1387 domi
1671 1352 1802 1396 cultae,
1827 1351 1991 1400 ejusdem

410 1416 645 1460 Vaucheriae,
676 1418 711 1450 in
737 1429 808 1465 qua
839 1415 1088 1450 admirabilem
1108 1414 1213 1449 illum
1232 1414 1498 1450 fecundationis
1517 1428 1748 1464 processum,
1781 1415 1886 1463 cujus
1914 1418 1991 1465 ipse

412 1480 469 1515 die
495 1480 575 1514 ‘28⁰⁰
598 1480 787 1515 Februarii
815 1481 913 1514 testis
944 1491 1059 1522 eram,
1104 1477 1256 1522 detexit,
1289 1478 1336 1513 cl.
1365 1477 1650 1528 Pringsheim
1682 1486 1718 1514 et
1742 1478 1835 1513 hanc
1855 1478 1990 1515 Chara-

411 1546 456 1579 cii
473 1546 631 1594 speciem
650 1545 786 1578 invenit
804 1550 839 1577 et
856 1544 972 1577 vivam
992 1541 1079 1576 mihi
1097 1543 1389 1577 communicavit.

564 1607 742 1643 Characio
762 1608 902 1641 minuto
922 1607 1153 1655 proximum,
1186 1604 1249 1640 sed
1269 1606 1420 1640 crassius
1440 1612 1475 1640 et
1499 1604 1701 1640 evidentius
1725 1607 1987 1650 acuminatum,

412 1684 478 1707 nec
507 1684 581 1706 non
608 1671 708 1706 disco
732 1670 855 1720 pedali
888 1668 1079 1704 manifesto
1112 1668 1441 1704 luteofuscescente
1475 1668 1697 1704 distinctum.
1755 1668 1872 1705 Color
1898 1669 1991 1705 laete

411 1734 546 1771 viridis.
604 1734 810 1784 Specimina
840 1733 983 1782 juniora
1020 1734 1244 1782 angustiora,
1281 1731 1403 1767 adulta
1434 1734 1544 1782 magis
1575 1732 1772 1777 tumidula,
1813 1733 1989 1784 ΕΑΘ-ὦψ-

593 1798 599 1818 1

412 1799 537 1848 longa,
572 1800 782 1849 ffi—sgbmm‘
810 1810 938 1833 crassa.
995 1795 1310 1845 Zoogonidiorum
1339 1798 1486 1845 genesin
1514 1797 1706 1832 observare
1738 1796 1826 1831 mihi
1850 1809 1925 1831 non
1948 1796 1990 1832 li-

413 1865 498 1905 cuit,
529 1862 593 1897 sed
611 1861 848 1912 cytioplasma
867 1873 1132 1910 nonnunquam
1151 1859 1304 1909 oblique
1322 1860 1534 1910 bipartitum
1553 1859 1638 1903 vidi,
1671 1873 1743 1910 qua
1767 1873 1805 1895 re
1826 1859 1991 1896 Characii

415 1929 499 1973 (nec
517 1925 751 1976 Hydrocytii)
772 1927 910 1974 species
929 1924 1120 1959 indicatur.

553 1995 585 2023 P.
598 1996 640 2026 1l9.
683 1995 764 2022 Inter
784 1994 889 2022 Sciadii
905 1994 1010 2023 formas
1037 2004 1130 2032 nuper
1152 1992 1283 2021 Berolini
1309 1992 1472 2022 observatas
1494 1998 1609 2031 praeter
1622 1992 1746 2031 speciem
1774 1992 1898 2032 typicam
1923 1993 1990 2022 duas

414 2058 501 2075 novas
516 2045 691 2086 recognovi;
711 2045 777 2074 hinc
793 2045 977 2084 comparandi
998 2045 1089 2084 gratia
1109 2044 1303 2073 characterem
1319 2043 1485 2083 specificum
1499 2046 1543 2071 Sc.
1559 2048 1730 2071 arbusculae
1748 2044 1880 2082 sequenti
1901 2044 1990 2073 modo

415 2108 565 2137 propono:

558 2144 591 2177 1.
623 2142 679 2177 Sc.
701 2142 906 2177 arbuscula.
939 2141 1100 2177 Demum
1121 2141 1371 2190 decomposite
1395 2139 1656 2184 umbellatum3
1697 2139 1853 2175 cellulae
1872 2148 1991 2176 rectae

401 2212 476 2241 ‘aut
493 2208 607 2241 rarius
631 2205 869 2250 subfalcatae,
902 2206 1072 2249 obtusae3
1111 2207 1248 2255 stipites
1275 2203 1502 2254 longitudine
1527 2205 1722 2239 crassitiem
1749 2203 1905 2239 cellulae
1933 2206 1991 2240 vix

417 2277 623 2318 aequantes.

1468 2331 1548 2359 1!-
1563 2331 1654 2357 ssmm.

1471 2360 1500 2380 00
1555 2360 1602 2380 300

1221 2388 1342 2425 crassa),
1367 2387 1536 2426 simpliciter
1556 2386 1719 2423 umbellata,
1737 2397 1819 2426 quae,
1838 2393 1933 2416 utrum
1956 2387 1990 2416 ad

556 2338 684 2367 cenuiae
700 2333 746 2383 [3²0
757 2355 795 2360 -
805 2333 869 2382 ᾗῇ),
888 2337 1056 2376 plerumque
1072 2333 1169 2382 2⁷}0m‘

416 2388 484 2417 mihi
502 2390 657 2428 specimina
678 2389 817 2418 nonnulla
837 2389 974 2418 validiora
989 2384 1099 2434 (ἷξο-

1185 2347 1308 2371 crassam
1326 2336 1438 2375 stipites
1453 2359 1467 2380 4

1118 2384 1204 2410 istum.

1109 2412 1154 2433 140

418 2439 489 2467 hanc
507 2441 630 2478 speciem
649 2451 683 2469 an
702 2441 824 2469 sortasse
842 2440 876 2469 ad
891 2443 1056 2476 Ophiocytii
1072 2443 1229 2467 cochlearis
1251 2439 1371 2468 sormam
1393 2444 1518 2467 erectam
1540 2444 1569 2467 et
1587 2438 1795 2468 umbelliferam
1815 2439 1989 2478 pertineant,

418 2490 544 2519 incertus
563 2502 634 2519 sum.

1669 2336 1760 2376 longi.
1798 2335 1990 2365 Obvenerunt
