<?xml version="1.0" encoding="UTF-8"?>
<!DOCTYPE html PUBLIC "-//W3C//DTD XHTML 1.0 Transitional//EN"
    "http://www.w3.org/TR/xhtml1/DTD/xhtml1-transitional.dtd">
<html xmlns="http://www.w3.org/1999/xhtml" xml:lang="en" lang="en">
 <head>
  <title>
</title>
<meta http-equiv="Content-Type" content="text/html;charset=utf-8" />
  <meta name='ocr-system' content='tesseract 3.04.00' />
  <meta name='ocr-capabilities' content='ocr_page ocr_carea ocr_par ocr_line ocrx_word'/>
</head>
<body>
  <div class='ocr_page' id='page_1' title='image "algarumunicellul00brau_0087.png"; bbox 0 0 2225 3020; ppageno 0'>
   <div class='ocr_carea' id='block_1_1' title="bbox 968 211 1014 248">
    <p class='ocr_par' dir='ltr' id='par_1_1' title="bbox 968 211 1014 248">
     <span class='ocr_line' id='line_1_1' title="bbox 968 211 1014 248; baseline -0.043 0"><span class='ocrx_word' id='word_1_1' title='bbox 968 211 1014 248; x_wconf 85' lang='lat'>73</span> 
     </span>
    </p>
   </div>
   <div class='ocr_carea' id='block_1_2' title="bbox 203 318 1792 2194">
    <p class='ocr_par' dir='ltr' id='par_1_2' title="bbox 203 318 1792 2144">
     <span class='ocr_line' id='line_1_2' title="bbox 333 318 1779 359; baseline -0.001 -10"><span class='ocrx_word' id='word_1_2' title='bbox 333 320 365 349; x_wconf 86' lang='lat' dir='ltr'>Si</span> <span class='ocrx_word' id='word_1_3' title='bbox 392 321 453 359; x_wconf 90' lang='lat' dir='ltr'>quis</span> <span class='ocrx_word' id='word_1_4' title='bbox 481 319 635 355; x_wconf 73' lang='lat' dir='ltr'><strong>dubitaret,</strong></span> <span class='ocrx_word' id='word_1_5' title='bbox 656 318 724 358; x_wconf 89' lang='lat' dir='ltr'>quin</span> <span class='ocrx_word' id='word_1_6' title='bbox 753 318 916 347; x_wconf 70' lang='lat' dir='ltr'>cellularum</span> <span class='ocrx_word' id='word_1_7' title='bbox 940 318 1050 347; x_wconf 88' lang='lat' dir='ltr'>numeri</span> <span class='ocrx_word' id='word_1_8' title='bbox 1077 318 1162 355; x_wconf 84' lang='lat' dir='ltr'>varii,</span> <span class='ocrx_word' id='word_1_9' title='bbox 1190 329 1262 357; x_wconf 87' lang='lat' dir='ltr'>quos</span> <span class='ocrx_word' id='word_1_10' title='bbox 1290 319 1456 355; x_wconf 75' lang='lat' dir='ltr'>memoravi,</span> <span class='ocrx_word' id='word_1_11' title='bbox 1483 329 1592 355; x_wconf 87' lang='lat' dir='ltr'>revera,</span> <span class='ocrx_word' id='word_1_12' title='bbox 1618 319 1692 349; x_wconf 87' lang='lat' dir='ltr'>serie</span> <span class='ocrx_word' id='word_1_13' title='bbox 1718 319 1779 359; x_wconf 81' lang='lat' dir='ltr'>plus</span> 
     </span>
     <span class='ocr_line' id='line_1_3' title="bbox 207 369 1777 410; baseline -0.001 -9"><span class='ocrx_word' id='word_1_14' title='bbox 207 371 336 401; x_wconf 83' lang='lat' dir='ltr'>minusve</span> <span class='ocrx_word' id='word_1_15' title='bbox 364 371 504 410; x_wconf 85' lang='lat' dir='ltr'>completa</span> <span class='ocrx_word' id='word_1_16' title='bbox 519 392 526 406; x_wconf 88' lang='lat'>,</span> <span class='ocrx_word' id='word_1_17' title='bbox 561 371 589 399; x_wconf 94' lang='lat' dir='ltr'>in</span> <span class='ocrx_word' id='word_1_18' title='bbox 626 381 681 398; x_wconf 86' lang='lat' dir='ltr'>una</span> <span class='ocrx_word' id='word_1_19' title='bbox 712 370 866 408; x_wconf 84' lang='lat' dir='ltr'>eademque</span> <span class='ocrx_word' id='word_1_20' title='bbox 901 370 995 408; x_wconf 89' lang='lat' dir='ltr'>specie</span> <span class='ocrx_word' id='word_1_21' title='bbox 1026 369 1164 405; x_wconf 75' lang='lat' dir='ltr'><strong>existant,</strong></span> <span class='ocrx_word' id='word_1_22' title='bbox 1202 369 1266 397; x_wconf 87' lang='lat' dir='ltr'>huic</span> <span class='ocrx_word' id='word_1_23' title='bbox 1302 370 1424 408; x_wconf 90' lang='lat' dir='ltr'>primum</span> <span class='ocrx_word' id='word_1_24' title='bbox 1457 370 1645 409; x_wconf 88' lang='lat' dir='ltr'>speciminum</span> <span class='ocrx_word' id='word_1_25' title='bbox 1685 372 1777 410; x_wconf 86' lang='lat' dir='ltr'>quoad</span> 
     </span>
     <span class='ocr_line' id='line_1_4' title="bbox 207 420 1777 456; baseline -0.001 -5"><span class='ocrx_word' id='word_1_26' title='bbox 207 433 357 451; x_wconf 91' lang='lat' dir='ltr'>numerum</span> <span class='ocrx_word' id='word_1_27' title='bbox 385 421 548 451; x_wconf 78' lang='lat' dir='ltr'>cellularum</span> <span class='ocrx_word' id='word_1_28' title='bbox 576 421 720 450; x_wconf 90' lang='lat' dir='ltr'>variorum</span> <span class='ocrx_word' id='word_1_29' title='bbox 735 443 743 456; x_wconf 95' lang='lat'>‚</span> <span class='ocrx_word' id='word_1_30' title='bbox 770 421 871 449; x_wconf 87' lang='lat' dir='ltr'>eodem</span> <span class='ocrx_word' id='word_1_31' title='bbox 904 420 970 449; x_wconf 89' lang='lat' dir='ltr'>loco</span> <span class='ocrx_word' id='word_1_32' title='bbox 999 421 1153 448; x_wconf 79' lang='lat' dir='ltr'>viventium</span> <span class='ocrx_word' id='word_1_33' title='bbox 1180 420 1426 449; x_wconf 76' lang='lat' dir='ltr'>consociationem</span> <span class='ocrx_word' id='word_1_34' title='bbox 1456 421 1611 450; x_wconf 79' lang='lat' dir='ltr'>naturalem</span> <span class='ocrx_word' id='word_1_35' title='bbox 1646 427 1674 450; x_wconf 88' lang='lat' dir='ltr'>et</span> <span class='ocrx_word' id='word_1_36' title='bbox 1706 432 1777 450; x_wconf 82' lang='lat' dir='ltr'>nor-</span> 
     </span>
     <span class='ocr_line' id='line_1_5' title="bbox 207 471 1779 511; baseline -0.001 -9"><span class='ocrx_word' id='word_1_37' title='bbox 207 473 319 509; x_wconf 83' lang='lat' dir='ltr'>malem,</span> <span class='ocrx_word' id='word_1_38' title='bbox 334 479 393 501; x_wconf 91' lang='lat' dir='ltr'>tum</span> <span class='ocrx_word' id='word_1_39' title='bbox 409 472 624 501; x_wconf 87' lang='lat' dir='ltr'>observationes</span> <span class='ocrx_word' id='word_1_40' title='bbox 642 472 774 510; x_wconf 88' lang='lat' dir='ltr'>quasdam</span> <span class='ocrx_word' id='word_1_41' title='bbox 789 472 823 499; x_wconf 87' lang='lat' dir='ltr'>ad</span> <span class='ocrx_word' id='word_1_42' title='bbox 843 478 954 510; x_wconf 89' lang='lat' dir='ltr'>partum</span> <span class='ocrx_word' id='word_1_43' title='bbox 976 471 1150 509; x_wconf 83' lang='lat' dir='ltr'>inaequalem</span> <span class='ocrx_word' id='word_1_44' title='bbox 1170 481 1202 499; x_wconf 85' lang='lat' dir='ltr'>ex</span> <span class='ocrx_word' id='word_1_45' title='bbox 1223 471 1320 499; x_wconf 88' lang='lat' dir='ltr'>eadem</span> <span class='ocrx_word' id='word_1_46' title='bbox 1337 477 1425 499; x_wconf 88' lang='lat' dir='ltr'>matre</span> <span class='ocrx_word' id='word_1_47' title='bbox 1443 473 1629 510; x_wconf 79' lang='lat' dir='ltr'><strong>pertinentes,</strong></span> <span class='ocrx_word' id='word_1_48' title='bbox 1657 473 1779 511; x_wconf 68' lang='lat' dir='ltr'>(lenique</span> 
     </span>
     <span class='ocr_line' id='line_1_6' title="bbox 206 521 1779 564; baseline 0 -11"><span class='ocrx_word' id='word_1_49' title='bbox 206 523 339 564; x_wconf 85' lang='lat' dir='ltr'>analogas</span> <span class='ocrx_word' id='word_1_50' title='bbox 350 524 461 552; x_wconf 89' lang='lat' dir='ltr'>numeri</span> <span class='ocrx_word' id='word_1_51' title='bbox 476 523 641 552; x_wconf 89' lang='lat' dir='ltr'>cellularum</span> <span class='ocrx_word' id='word_1_52' title='bbox 657 523 827 551; x_wconf 79' lang='lat' dir='ltr'>variationes</span> <span class='ocrx_word' id='word_1_53' title='bbox 843 524 871 551; x_wconf 92' lang='lat' dir='ltr'>in</span> <span class='ocrx_word' id='word_1_54' title='bbox 886 522 1038 562; x_wconf 78' lang='lat' dir='ltr'>generibus</span> <span class='ocrx_word' id='word_1_55' title='bbox 1054 521 1183 550; x_wconf 77' lang='lat' dir='ltr'>affinibus</span> <span class='ocrx_word' id='word_1_56' title='bbox 1199 521 1296 550; x_wconf 87' lang='lat' dir='ltr'>obvias</span> <span class='ocrx_word' id='word_1_57' title='bbox 1311 521 1452 550; x_wconf 86' lang='lat' dir='ltr'>afferrem.</span> <span class='ocrx_word' id='word_1_58' title='bbox 1468 525 1642 559; x_wconf 71' lang='lat' dir='ltr'>P.B⁰ry‹mi</span> <span class='ocrx_word' id='word_1_59' title='bbox 1655 534 1779 563; x_wconf 84' lang='lat' dir='ltr'>congre-</span> 
     </span>
     <span class='ocr_line' id='line_1_7' title="bbox 206 572 1779 615; baseline 0 -12"><span class='ocrx_word' id='word_1_60' title='bbox 206 575 353 615; x_wconf 85' lang='lat' dir='ltr'>gationem</span> <span class='ocrx_word' id='word_1_61' title='bbox 372 575 561 613; x_wconf 85' lang='lat' dir='ltr'>purissimam,</span> <span class='ocrx_word' id='word_1_62' title='bbox 580 585 696 602; x_wconf 81' lang='lat' dir='ltr'>massam</span> <span class='ocrx_word' id='word_1_63' title='bbox 711 574 831 602; x_wconf 87' lang='lat' dir='ltr'>viridem</span> <span class='ocrx_word' id='word_1_64' title='bbox 847 574 890 602; x_wconf 85' lang='lat' dir='ltr'>vix</span> <span class='ocrx_word' id='word_1_65' title='bbox 906 574 965 602; x_wconf 93' lang='lat' dir='ltr'>ullo</span> <span class='ocrx_word' id='word_1_66' title='bbox 981 573 1097 601; x_wconf 89' lang='lat' dir='ltr'>aliarum</span> <span class='ocrx_word' id='word_1_67' title='bbox 1112 572 1250 612; x_wconf 82' lang='lat' dir='ltr'>Algarum</span> <span class='ocrx_word' id='word_1_68' title='bbox 1265 573 1388 612; x_wconf 84' lang='lat' dir='ltr'>vestigio</span> <span class='ocrx_word' id='word_1_69' title='bbox 1408 573 1547 602; x_wconf 87' lang='lat' dir='ltr'>turbatam</span> <span class='ocrx_word' id='word_1_70' title='bbox 1566 575 1714 603; x_wconf 84' lang='lat' dir='ltr'>sistentem</span> <span class='ocrx_word' id='word_1_71' title='bbox 1730 575 1779 603; x_wconf 90' lang='lat' dir='ltr'>he-</span> 
     </span>
     <span class='ocr_line' id='line_1_8' title="bbox 206 623 1780 665; baseline 0.001 -12"><span class='ocrx_word' id='word_1_72' title='bbox 206 626 295 665; x_wconf 84' lang='lat' dir='ltr'>nigne</span> <span class='ocrx_word' id='word_1_73' title='bbox 310 625 377 654; x_wconf 74' lang='lat' dir='ltr'>milii</span> <span class='ocrx_word' id='word_1_74' title='bbox 406 625 626 654; x_wconf 84' lang='lat' dir='ltr'>communicavit</span> <span class='ocrx_word' id='word_1_75' title='bbox 647 625 664 652; x_wconf 75' lang='lat' dir='ltr'>cl</span> <span class='ocrx_word' id='word_1_76' title='bbox 676 635 690 653; x_wconf 93' lang='lat' dir='ltr'>e</span> <span class='ocrx_word' id='word_1_77' title='bbox 710 625 755 652; x_wconf 73' lang='grc' dir='ltr'>Βι-</span> <span class='ocrx_word' id='word_1_78' title='bbox 767 625 805 653; x_wconf 91' lang='lat' dir='ltr'>eb</span> <span class='ocrx_word' id='word_1_79' title='bbox 818 625 894 653; x_wconf 90' lang='lat' dir='ltr'>isso</span> <span class='ocrx_word' id='word_1_80' title='bbox 907 636 933 653; x_wconf 89' lang='lat' dir='ltr'>n.</span> <span class='ocrx_word' id='word_1_81' title='bbox 962 625 1053 652; x_wconf 90' lang='lat' dir='ltr'>Huius</span> <span class='ocrx_word' id='word_1_82' title='bbox 1068 634 1173 652; x_wconf 87' lang='lat' dir='ltr'>massae</span> <span class='ocrx_word' id='word_1_83' title='bbox 1187 623 1210 651; x_wconf 90' lang='lat' dir='ltr'>si</span> <span class='ocrx_word' id='word_1_84' title='bbox 1225 623 1392 662; x_wconf 84' lang='lat' dir='ltr'>particulam</span> <span class='ocrx_word' id='word_1_85' title='bbox 1407 623 1458 651; x_wconf 90' lang='lat' dir='ltr'>sub</span> <span class='ocrx_word' id='word_1_86' title='bbox 1474 625 1668 664; x_wconf 85' lang='lat' dir='ltr'>microscopio</span> <span class='ocrx_word' id='word_1_87' title='bbox 1682 625 1780 654; x_wconf 86' lang='lat' dir='ltr'>obscr-</span> 
     </span>
     <span class='ocr_line' id='line_1_9' title="bbox 205 674 1779 715; baseline 0.001 -10"><span class='ocrx_word' id='word_1_88' title='bbox 205 677 325 711; x_wconf 81' lang='lat' dir='ltr'>vaveris,</span> <span class='ocrx_word' id='word_1_89' title='bbox 345 677 502 715; x_wconf 85' lang='lat' dir='ltr'>specimina</span> <span class='ocrx_word' id='word_1_90' title='bbox 521 676 628 705; x_wconf 89' lang='lat' dir='ltr'>videbis</span> <span class='ocrx_word' id='word_1_91' title='bbox 645 676 793 704; x_wconf 85' lang='lat' dir='ltr'>innumera</span> <span class='ocrx_word' id='word_1_92' title='bbox 809 676 902 714; x_wconf 89' lang='lat' dir='ltr'>quoad</span> <span class='ocrx_word' id='word_1_93' title='bbox 919 675 1039 704; x_wconf 83' lang='lat' dir='ltr'>formam</span> <span class='ocrx_word' id='word_1_94' title='bbox 1062 674 1226 703; x_wconf 84' lang='lat' dir='ltr'>cellularum</span> <span class='ocrx_word' id='word_1_95' title='bbox 1241 674 1361 703; x_wconf 90' lang='lat' dir='ltr'>omnino</span> <span class='ocrx_word' id='word_1_96' title='bbox 1376 674 1488 709; x_wconf 87' lang='lat' dir='ltr'>similia,</span> <span class='ocrx_word' id='word_1_97' title='bbox 1511 676 1559 704; x_wconf 87' lang='lat' dir='ltr'>sed</span> <span class='ocrx_word' id='word_1_98' title='bbox 1572 677 1664 714; x_wconf 81' lang='lat' dir='ltr'>quoad</span> <span class='ocrx_word' id='word_1_99' title='bbox 1680 688 1779 706; x_wconf 90' lang='lat' dir='ltr'>nume-</span> 
     </span>
     <span class='ocr_line' id='line_1_10' title="bbox 205 727 1780 766; baseline 0.001 -11"><span class='ocrx_word' id='word_1_100' title='bbox 205 738 268 756; x_wconf 93' lang='lat' dir='ltr'>rum</span> <span class='ocrx_word' id='word_1_101' title='bbox 289 727 408 763; x_wconf 86' lang='lat' dir='ltr'>diversa,</span> <span class='ocrx_word' id='word_1_102' title='bbox 431 728 659 766; x_wconf 86' lang='lat' dir='ltr'>frequentissima</span> <span class='ocrx_word' id='word_1_103' title='bbox 681 738 695 755; x_wconf 90' lang='lat' dir='ltr'>e</span> <span class='ocrx_word' id='word_1_104' title='bbox 718 727 826 755; x_wconf 87' lang='lat' dir='ltr'>cellulis</span> <span class='ocrx_word' id='word_1_105' title='bbox 847 732 875 756; x_wconf 72' lang='lat' dir='ltr'>lo</span> <span class='ocrx_word' id='word_1_106' title='bbox 892 732 920 755; x_wconf 88' lang='lat' dir='ltr'>et</span> <span class='ocrx_word' id='word_1_107' title='bbox 933 732 966 755; x_wconf 77' lang='lat'>32</span> <span class='ocrx_word' id='word_1_108' title='bbox 983 728 1197 763; x_wconf 80' lang='lat' dir='ltr'>(Micrasteriae</span> <span class='ocrx_word' id='word_1_109' title='bbox 1214 727 1372 762; x_wconf 74' lang='lat' dir='ltr'>Boryanae</span> <span class='ocrx_word' id='word_1_110' title='bbox 1390 731 1418 754; x_wconf 92' lang='lat' dir='ltr'>et</span> <span class='ocrx_word' id='word_1_111' title='bbox 1438 730 1572 762; x_wconf 77' lang='lat' dir='ltr'>lricyclae</span> <span class='ocrx_word' id='word_1_112' title='bbox 1589 727 1714 756; x_wconf 79' lang='lat' dir='ltr'>Ehrcnb.</span> <span class='ocrx_word' id='word_1_113' title='bbox 1735 739 1780 757; x_wconf 88' lang='lat' dir='ltr'>re-</span> 
     </span>
     <span class='ocr_line' id='line_1_11' title="bbox 204 776 1780 818; baseline 0.001 -12"><span class='ocrx_word' id='word_1_114' title='bbox 204 778 404 817; x_wconf 72' lang='lat' dir='ltr'>spondentia),</span> <span class='ocrx_word' id='word_1_115' title='bbox 423 779 556 818; x_wconf 86' lang='lat' dir='ltr'>pauciora</span> <span class='ocrx_word' id='word_1_116' title='bbox 572 778 680 807; x_wconf 89' lang='lat' dir='ltr'>cellulis</span> <span class='ocrx_word' id='word_1_117' title='bbox 696 784 710 807; x_wconf 79' lang='lat'>8</span> <span class='ocrx_word' id='word_1_118' title='bbox 726 779 863 806; x_wconf 86' lang='lat' dir='ltr'>instructa</span> <span class='ocrx_word' id='word_1_119' title='bbox 884 779 934 815; x_wconf 91' lang='lat' dir='ltr'>(M.</span> <span class='ocrx_word' id='word_1_120' title='bbox 949 780 1125 812; x_wconf 76' lang='lat' dir='ltr'>Napoleonis</span> <span class='ocrx_word' id='word_1_121' title='bbox 1146 776 1299 813; x_wconf 83' lang='lat' dir='ltr'>Ehrenb.),</span> <span class='ocrx_word' id='word_1_122' title='bbox 1318 776 1458 805; x_wconf 90' lang='lat' dir='ltr'>rarissima</span> <span class='ocrx_word' id='word_1_123' title='bbox 1480 776 1603 815; x_wconf 88' lang='lat' dir='ltr'>denique</span> <span class='ocrx_word' id='word_1_124' title='bbox 1623 778 1780 815; x_wconf 86' lang='lat' dir='ltr'>quadricel-</span> 
     </span>
     <span class='ocr_line' id='line_1_12' title="bbox 205 827 1780 868; baseline 0.001 -11"><span class='ocrx_word' id='word_1_125' title='bbox 205 829 303 857; x_wconf 89' lang='lat' dir='ltr'>lularia</span> <span class='ocrx_word' id='word_1_126' title='bbox 324 832 370 865; x_wconf 82' lang='lat' dir='ltr'>(P.</span> <span class='ocrx_word' id='word_1_127' title='bbox 386 833 544 857; x_wconf 80' lang='lat' dir='ltr'>cruciatum</span> <span class='ocrx_word' id='word_1_128' title='bbox 562 829 623 866; x_wconf 88' lang='lat' dir='ltr'><strong>K.).</strong></span> <span class='ocrx_word' id='word_1_129' title='bbox 659 828 899 858; x_wconf 87' lang='lat' dir='ltr'>Coacervationes</span> <span class='ocrx_word' id='word_1_130' title='bbox 926 828 1080 856; x_wconf 85' lang='lat' dir='ltr'>ditissimae</span> <span class='ocrx_word' id='word_1_131' title='bbox 1100 831 1134 855; x_wconf 88' lang='lat' dir='ltr'>P.</span> <span class='ocrx_word' id='word_1_132' title='bbox 1149 830 1284 864; x_wconf 78' lang='lat' dir='ltr'>Boryam‘</span> <span class='ocrx_word' id='word_1_133' title='bbox 1309 827 1517 864; x_wconf 86' lang='lat' dir='ltr'>(brevicornis)</span> <span class='ocrx_word' id='word_1_134' title='bbox 1528 850 1536 862; x_wconf 95' lang='lat'>,</span> <span class='ocrx_word' id='word_1_135' title='bbox 1564 838 1634 866; x_wconf 82' lang='lat' dir='ltr'>quae</span> <span class='ocrx_word' id='word_1_136' title='bbox 1662 829 1689 857; x_wconf 97' lang='lat' dir='ltr'>in</span> <span class='ocrx_word' id='word_1_137' title='bbox 1718 829 1780 868; x_wconf 90' lang='lat' dir='ltr'>pilis</span> 
     </span>
     <span class='ocr_line' id='line_1_13' title="bbox 205 878 1780 920; baseline -0.001 -11"><span class='ocrx_word' id='word_1_138' title='bbox 205 880 417 920; x_wconf 82' lang='lat' dir='ltr'>Aegagropilae</span> <span class='ocrx_word' id='word_1_139' title='bbox 432 881 545 909; x_wconf 80' lang='lat' dir='ltr'>Sauteri</span> <span class='ocrx_word' id='word_1_140' title='bbox 560 880 736 916; x_wconf 85' lang='lat' dir='ltr'>nidulantur,</span> <span class='ocrx_word' id='word_1_141' title='bbox 755 880 801 910; x_wconf 86' lang='lat' dir='ltr'>vix</span> <span class='ocrx_word' id='word_1_142' title='bbox 815 880 907 908; x_wconf 90' lang='lat' dir='ltr'>minus</span> <span class='ocrx_word' id='word_1_143' title='bbox 922 889 1018 918; x_wconf 88' lang='lat' dir='ltr'>purae,</span> <span class='ocrx_word' id='word_1_144' title='bbox 1046 879 1162 907; x_wconf 89' lang='lat' dir='ltr'>nonnisi</span> <span class='ocrx_word' id='word_1_145' title='bbox 1181 879 1374 907; x_wconf 86' lang='lat' dir='ltr'>Diatomaceis</span> <span class='ocrx_word' id='word_1_146' title='bbox 1389 878 1536 907; x_wconf 88' lang='lat' dir='ltr'>nonnullis</span> <span class='ocrx_word' id='word_1_147' title='bbox 1552 879 1715 917; x_wconf 77' lang='lat' dir='ltr'>permixtae,</span> <span class='ocrx_word' id='word_1_148' title='bbox 1743 881 1780 908; x_wconf 91' lang='lat' dir='ltr'>si-</span> 
     </span>
     <span class='ocr_line' id='line_1_14' title="bbox 205 929 1781 970; baseline -0.001 -10"><span class='ocrx_word' id='word_1_149' title='bbox 205 931 301 960; x_wconf 89' lang='lat' dir='ltr'>milem</span> <span class='ocrx_word' id='word_1_150' title='bbox 316 932 503 970; x_wconf 85' lang='lat' dir='ltr'>speciminum</span> <span class='ocrx_word' id='word_1_151' title='bbox 520 931 714 960; x_wconf 77' lang='lat' dir='ltr'>diversitatem</span> <span class='ocrx_word' id='word_1_152' title='bbox 729 931 876 970; x_wconf 85' lang='lat' dir='ltr'>praebent,</span> <span class='ocrx_word' id='word_1_153' title='bbox 891 941 1012 969; x_wconf 92' lang='lat' dir='ltr'>quorum</span> <span class='ocrx_word' id='word_1_154' title='bbox 1028 929 1148 969; x_wconf 85' lang='lat' dir='ltr'>plurima</span> <span class='ocrx_word' id='word_1_155' title='bbox 1164 940 1178 958; x_wconf 91' lang='lat' dir='ltr'>e</span> <span class='ocrx_word' id='word_1_156' title='bbox 1191 930 1299 959; x_wconf 89' lang='lat' dir='ltr'>cellulis</span> <span class='ocrx_word' id='word_1_157' title='bbox 1320 932 1359 965; x_wconf 80' lang='lat'>16,</span> <span class='ocrx_word' id='word_1_158' title='bbox 1374 935 1406 958; x_wconf 33' lang='lat'>⁴32</span> <span class='ocrx_word' id='word_1_159' title='bbox 1424 929 1469 958; x_wconf 89' lang='lat' dir='ltr'>vel</span> <span class='ocrx_word' id='word_1_160' title='bbox 1485 930 1518 958; x_wconf 67' lang='lat' dir='ltr'>ost</span> <span class='ocrx_word' id='word_1_161' title='bbox 1532 931 1701 969; x_wconf 86' lang='lat' dir='ltr'>composita,</span> <span class='ocrx_word' id='word_1_162' title='bbox 1721 931 1781 970; x_wconf 87' lang='lat' dir='ltr'>pari</span> 
     </span>
     <span class='ocr_line' id='line_1_15' title="bbox 205 981 1782 1022; baseline -0.001 -11"><span class='ocrx_word' id='word_1_163' title='bbox 205 982 265 1012; x_wconf 86' lang='lat' dir='ltr'>sere</span> <span class='ocrx_word' id='word_1_164' title='bbox 279 983 470 1022; x_wconf 85' lang='lat' dir='ltr'>proportione</span> <span class='ocrx_word' id='word_1_165' title='bbox 484 983 580 1019; x_wconf 88' lang='lat' dir='ltr'>mixta,</span> <span class='ocrx_word' id='word_1_166' title='bbox 607 993 662 1011; x_wconf 87' lang='lat' dir='ltr'>una</span> <span class='ocrx_word' id='word_1_167' title='bbox 677 994 740 1011; x_wconf 87' lang='lat' dir='ltr'>cum</span> <span class='ocrx_word' id='word_1_168' title='bbox 761 982 916 1010; x_wconf 87' lang='lat' dir='ltr'>rarioribus</span> <span class='ocrx_word' id='word_1_169' title='bbox 933 981 1182 1010; x_wconf 85' lang='lat' dir='ltr'>octocellnlaribus</span> <span class='ocrx_word' id='word_1_170' title='bbox 1197 982 1389 1020; x_wconf 81' lang='lat' dir='ltr'>reperiuntur.</span> <span class='ocrx_word' id='word_1_171' title='bbox 1416 982 1449 1009; x_wconf 88' lang='lat' dir='ltr'>In</span> <span class='ocrx_word' id='word_1_172' title='bbox 1465 981 1563 1009; x_wconf 85' lang='lat' dir='ltr'>iisdem</span> <span class='ocrx_word' id='word_1_173' title='bbox 1579 981 1685 1017; x_wconf 87' lang='lat' dir='ltr'>massis,</span> <span class='ocrx_word' id='word_1_174' title='bbox 1704 982 1782 1010; x_wconf 87' lang='lat' dir='ltr'>domi</span> 
     </span>
     <span class='ocr_line' id='line_1_16' title="bbox 204 1032 1781 1073; baseline -0.001 -11"><span class='ocrx_word' id='word_1_175' title='bbox 204 1044 256 1073; x_wconf 89' lang='lat' dir='ltr'>per</span> <span class='ocrx_word' id='word_1_176' title='bbox 270 1033 460 1062; x_wconf 86' lang='lat' dir='ltr'>hebdomades</span> <span class='ocrx_word' id='word_1_177' title='bbox 474 1033 568 1072; x_wconf 86' lang='lat' dir='ltr'>plures</span> <span class='ocrx_word' id='word_1_178' title='bbox 585 1034 676 1068; x_wconf 86' lang='lat' dir='ltr'>cultis,</span> <span class='ocrx_word' id='word_1_179' title='bbox 692 1033 846 1072; x_wconf 87' lang='lat' dir='ltr'>specimina</span> <span class='ocrx_word' id='word_1_180' title='bbox 862 1033 1074 1061; x_wconf 90' lang='lat' dir='ltr'>octocellnlaria</span> <span class='ocrx_word' id='word_1_181' title='bbox 1090 1032 1286 1070; x_wconf 83' lang='lat' dir='ltr'>frequentiora</span> <span class='ocrx_word' id='word_1_182' title='bbox 1299 1037 1458 1067; x_wconf 88' lang='lat' dir='ltr'>evaserunt,</span> <span class='ocrx_word' id='word_1_183' title='bbox 1470 1032 1526 1060; x_wconf 91' lang='lat' dir='ltr'>imo</span> <span class='ocrx_word' id='word_1_184' title='bbox 1537 1032 1781 1070; x_wconf 84' lang='lat' dir='ltr'>quadricellularia</span> 
     </span>
     <span class='ocr_line' id='line_1_17' title="bbox 205 1083 1781 1124; baseline 0 -11"><span class='ocrx_word' id='word_1_185' title='bbox 205 1085 343 1113; x_wconf 89' lang='lat' dir='ltr'>nonnulla</span> <span class='ocrx_word' id='word_1_186' title='bbox 357 1085 537 1124; x_wconf 87' lang='lat' dir='ltr'>prodierunt.</span> <span class='ocrx_word' id='word_1_187' title='bbox 566 1088 599 1113; x_wconf 83' lang='lat' dir='ltr'>P.</span> <span class='ocrx_word' id='word_1_188' title='bbox 615 1088 732 1120; x_wconf 81' lang='lat' dir='ltr'>Rotula,</span> <span class='ocrx_word' id='word_1_189' title='bbox 748 1095 762 1113; x_wconf 89' lang='lat' dir='ltr'>e</span> <span class='ocrx_word' id='word_1_190' title='bbox 777 1084 942 1119; x_wconf 85' lang='lat' dir='ltr'>rarioribus,</span> <span class='ocrx_word' id='word_1_191' title='bbox 962 1084 1010 1112; x_wconf 83' lang='lat' dir='ltr'>sed</span> <span class='ocrx_word' id='word_1_192' title='bbox 1026 1083 1190 1112; x_wconf 82' lang='lat' dir='ltr'>cellularum</span> <span class='ocrx_word' id='word_1_193' title='bbox 1207 1083 1297 1112; x_wconf 90' lang='lat' dir='ltr'>forma</span> <span class='ocrx_word' id='word_1_194' title='bbox 1311 1083 1430 1111; x_wconf 85' lang='lat' dir='ltr'>maxime</span> <span class='ocrx_word' id='word_1_195' title='bbox 1446 1083 1596 1118; x_wconf 83' lang='lat' dir='ltr'>distinctis,</span> <span class='ocrx_word' id='word_1_196' title='bbox 1616 1083 1701 1112; x_wconf 87' lang='lat' dir='ltr'>unico</span> <span class='ocrx_word' id='word_1_197' title='bbox 1716 1084 1781 1113; x_wconf 89' lang='lat' dir='ltr'>loco</span> 
     </span>
     <span class='ocr_line' id='line_1_18' title="bbox 205 1134 1782 1174; baseline -0.001 -10"><span class='ocrx_word' id='word_1_198' title='bbox 205 1135 357 1164; x_wconf 87' lang='lat' dir='ltr'>collectum</span> <span class='ocrx_word' id='word_1_199' title='bbox 373 1136 517 1174; x_wconf 84' lang='lat' dir='ltr'>hucusque</span> <span class='ocrx_word' id='word_1_200' title='bbox 531 1135 674 1174; x_wconf 84' lang='lat' dir='ltr'>possideo,</span> <span class='ocrx_word' id='word_1_201' title='bbox 696 1135 854 1174; x_wconf 85' lang='lat' dir='ltr'>dispersum</span> <span class='ocrx_word' id='word_1_202' title='bbox 871 1135 944 1163; x_wconf 84' lang='lat' dir='ltr'>intra</span> <span class='ocrx_word' id='word_1_203' title='bbox 959 1145 1075 1163; x_wconf 81' lang='lat' dir='ltr'>massam</span> <span class='ocrx_word' id='word_1_204' title='bbox 1092 1140 1265 1163; x_wconf 81' lang='lat' dir='ltr'>crnstaceam</span> <span class='ocrx_word' id='word_1_205' title='bbox 1287 1134 1371 1163; x_wconf 89' lang='lat' dir='ltr'>variis</span> <span class='ocrx_word' id='word_1_206' title='bbox 1387 1134 1468 1173; x_wconf 82' lang='lat' dir='ltr'>Algis</span> <span class='ocrx_word' id='word_1_207' title='bbox 1490 1134 1648 1163; x_wconf 90' lang='lat' dir='ltr'>minoribus</span> <span class='ocrx_word' id='word_1_208' title='bbox 1664 1141 1782 1164; x_wconf 86' lang='lat' dir='ltr'>contex-</span> 
     </span>
     <span class='ocr_line' id='line_1_19' title="bbox 204 1185 1781 1225; baseline -0.001 -10"><span class='ocrx_word' id='word_1_209' title='bbox 204 1192 271 1222; x_wconf 82' lang='lat' dir='ltr'>tam,</span> <span class='ocrx_word' id='word_1_210' title='bbox 291 1198 372 1225; x_wconf 88' lang='lat' dir='ltr'>quam</span> <span class='ocrx_word' id='word_1_211' title='bbox 389 1187 530 1215; x_wconf 81' lang='lat' dir='ltr'>Neodami</span> <span class='ocrx_word' id='word_1_212' title='bbox 551 1198 603 1215; x_wconf 85' lang='lat' dir='ltr'>am.</span> <span class='ocrx_word' id='word_1_213' title='bbox 618 1187 792 1225; x_wconf 78' lang='lat' dir='ltr'>Itzigsoli</span> <span class='ocrx_word' id='word_1_214' title='bbox 804 1198 821 1214; x_wconf 88' lang='lat' dir='ltr'>n</span> <span class='ocrx_word' id='word_1_215' title='bbox 844 1187 963 1222; x_wconf 86' lang='lat' dir='ltr'>invenit,</span> <span class='ocrx_word' id='word_1_216' title='bbox 983 1187 1060 1214; x_wconf 83' lang='lat' dir='ltr'>cuius</span> <span class='ocrx_word' id='word_1_217' title='bbox 1076 1196 1181 1213; x_wconf 87' lang='lat' dir='ltr'>massae</span> <span class='ocrx_word' id='word_1_218' title='bbox 1197 1185 1291 1224; x_wconf 84' lang='lat' dir='ltr'>paucis</span> <span class='ocrx_word' id='word_1_219' title='bbox 1312 1185 1457 1224; x_wconf 77' lang='lat' dir='ltr'>particuliS</span> <span class='ocrx_word' id='word_1_220' title='bbox 1477 1185 1598 1214; x_wconf 84' lang='lat' dir='ltr'>sollicite</span> <span class='ocrx_word' id='word_1_221' title='bbox 1617 1186 1781 1224; x_wconf 83' lang='lat' dir='ltr'>perquisitis</span> 
     </span>
     <span class='ocr_line' id='line_1_20' title="bbox 203 1233 1792 1277; baseline -0.001 -11"><span class='ocrx_word' id='word_1_222' title='bbox 203 1238 460 1277; x_wconf 85' lang='lat' dir='ltr'>speciminareperi</span> <span class='ocrx_word' id='word_1_223' title='bbox 471 1238 601 1266; x_wconf 86' lang='lat' dir='ltr'>ecellulis</span> <span class='ocrx_word' id='word_1_224' title='bbox 612 1238 671 1273; x_wconf 59' lang='lat' dir='ltr'>1&#39;1,S,</span> <span class='ocrx_word' id='word_1_225' title='bbox 688 1240 714 1266; x_wconf 75' lang='lat'>16</span> <span class='ocrx_word' id='word_1_226' title='bbox 731 1243 812 1273; x_wconf 63' lang='lat' dir='ltr'>etjl,</span> <span class='ocrx_word' id='word_1_227' title='bbox 829 1239 966 1274; x_wconf 88' lang='lat' dir='ltr'>(necnon</span> <span class='ocrx_word' id='word_1_228' title='bbox 977 1248 991 1265; x_wconf 92' lang='lat' dir='ltr'>e</span> <span class='ocrx_word' id='word_1_229' title='bbox 1007 1237 1113 1265; x_wconf 89' lang='lat' dir='ltr'>cellulis</span> <span class='ocrx_word' id='word_1_230' title='bbox 1124 1240 1214 1272; x_wconf 66' lang='lat' dir='ltr'>6‚7‚}r‚</span> <span class='ocrx_word' id='word_1_231' title='bbox 1229 1243 1256 1265; x_wconf 66' lang='lat'>13</span> <span class='ocrx_word' id='word_1_232' title='bbox 1267 1242 1293 1265; x_wconf 88' lang='lat' dir='ltr'>et</span> <span class='ocrx_word' id='word_1_233' title='bbox 1310 1237 1353 1272; x_wconf 44' lang='grc'>14)</span> <span class='ocrx_word' id='word_1_234' title='bbox 1368 1237 1534 1275; x_wconf 74' lang='lat' dir='ltr'>composita,</span> <span class='ocrx_word' id='word_1_235' title='bbox 1546 1247 1666 1274; x_wconf 85' lang='lat' dir='ltr'>quorum</span> <span class='ocrx_word' id='word_1_236' title='bbox 1678 1233 1792 1266; x_wconf 66' lang='lat' dir='ltr'>seriem&#39;</span> 
     </span>
     <span class='ocr_line' id='line_1_21' title="bbox 204 1287 1782 1328; baseline 0 -11"><span class='ocrx_word' id='word_1_237' title='bbox 204 1289 234 1317; x_wconf 93' lang='lat' dir='ltr'>in</span> <span class='ocrx_word' id='word_1_238' title='bbox 245 1289 338 1317; x_wconf 84' lang='lat' dir='ltr'>tabula</span> <span class='ocrx_word' id='word_1_239' title='bbox 349 1295 424 1317; x_wconf 83' lang='lat' dir='ltr'>sexta</span> <span class='ocrx_word' id='word_1_240' title='bbox 436 1289 655 1328; x_wconf 83' lang='lat' dir='ltr'>repraesentavi.</span> <span class='ocrx_word' id='word_1_241' title='bbox 672 1288 774 1317; x_wconf 86' lang='lat' dir='ltr'>Iisdem</span> <span class='ocrx_word' id='word_1_242' title='bbox 787 1288 887 1316; x_wconf 82' lang='lat' dir='ltr'>crustis</span> <span class='ocrx_word' id='word_1_243' title='bbox 898 1288 926 1316; x_wconf 91' lang='lat' dir='ltr'>in</span> <span class='ocrx_word' id='word_1_244' title='bbox 942 1288 1090 1316; x_wconf 87' lang='lat' dir='ltr'>consortio</span> <span class='ocrx_word' id='word_1_245' title='bbox 1106 1287 1270 1315; x_wconf 82' lang='lat' dir='ltr'>P.Rotulae</span> <span class='ocrx_word' id='word_1_246' title='bbox 1278 1290 1310 1314; x_wconf 88' lang='lat' dir='ltr'>P.</span> <span class='ocrx_word' id='word_1_247' title='bbox 1322 1299 1457 1321; x_wconf 78' lang='lat' dir='ltr'>asperum</span> <span class='ocrx_word' id='word_1_248' title='bbox 1473 1287 1610 1323; x_wconf 80' lang='lat' dir='ltr'>inhaeret,</span> <span class='ocrx_word' id='word_1_249' title='bbox 1625 1288 1703 1316; x_wconf 88' lang='lat' dir='ltr'>cuius</span> <span class='ocrx_word' id='word_1_250' title='bbox 1718 1300 1782 1327; x_wconf 88' lang='lat' dir='ltr'>spe-</span> 
     </span>
     <span class='ocr_line' id='line_1_22' title="bbox 205 1338 1780 1377; baseline -0.001 -9"><span class='ocrx_word' id='word_1_251' title='bbox 205 1340 308 1368; x_wconf 91' lang='lat' dir='ltr'>cimina</span> <span class='ocrx_word' id='word_1_252' title='bbox 320 1350 334 1368; x_wconf 93' lang='lat' dir='ltr'>e</span> <span class='ocrx_word' id='word_1_253' title='bbox 346 1340 454 1368; x_wconf 85' lang='lat' dir='ltr'>cellulis</span> <span class='ocrx_word' id='word_1_254' title='bbox 476 1343 514 1375; x_wconf 76' lang='lat'>16,</span> <span class='ocrx_word' id='word_1_255' title='bbox 530 1345 556 1367; x_wconf 59' lang='grc' dir='ltr'>«ΓΖ</span> <span class='ocrx_word' id='word_1_256' title='bbox 573 1340 639 1368; x_wconf 59' lang='lat' dir='ltr'>etot</span> <span class='ocrx_word' id='word_1_257' title='bbox 650 1341 785 1376; x_wconf 88' lang='lat' dir='ltr'>(necnon</span> <span class='ocrx_word' id='word_1_258' title='bbox 799 1339 959 1367; x_wconf 76' lang='lat' dir='ltr'>rarissime!</span> <span class='ocrx_word' id='word_1_259' title='bbox 974 1341 992 1374; x_wconf 72' lang='lat' dir='ltr'>l,</span> <span class='ocrx_word' id='word_1_260' title='bbox 1002 1339 1033 1366; x_wconf 61' lang='grc' dir='ltr'>2ιὶ</span> <span class='ocrx_word' id='word_1_261' title='bbox 1043 1340 1128 1374; x_wconf 60' lang='grc' dir='ltr'>εἰδὲ)</span> <span class='ocrx_word' id='word_1_262' title='bbox 1141 1338 1301 1366; x_wconf 82' lang='lat' dir='ltr'>constantia</span> <span class='ocrx_word' id='word_1_263' title='bbox 1315 1338 1443 1377; x_wconf 85' lang='lat' dir='ltr'>proxime</span> <span class='ocrx_word' id='word_1_264' title='bbox 1455 1339 1616 1367; x_wconf 82' lang='lat' dir='ltr'>consociata</span> <span class='ocrx_word' id='word_1_265' title='bbox 1630 1339 1734 1367; x_wconf 87' lang='lat' dir='ltr'>inveni.</span> <span class='ocrx_word' id='word_1_266' title='bbox 1748 1342 1780 1367; x_wconf 80' lang='lat' dir='ltr'>P.</span> 
     </span>
     <span class='ocr_line' id='line_1_23' title="bbox 203 1389 1782 1428; baseline 0 -10"><span class='ocrx_word' id='word_1_267' title='bbox 203 1394 400 1425; x_wconf 75' lang='lat' dir='ltr'>Ehrenbergii,</span> <span class='ocrx_word' id='word_1_268' title='bbox 422 1390 550 1428; x_wconf 85' lang='lat' dir='ltr'>pluribus</span> <span class='ocrx_word' id='word_1_269' title='bbox 566 1390 635 1418; x_wconf 87' lang='lat' dir='ltr'>locis</span> <span class='ocrx_word' id='word_1_270' title='bbox 651 1390 828 1424; x_wconf 79' lang='lat' dir='ltr'>obervatum,</span> <span class='ocrx_word' id='word_1_271' title='bbox 843 1389 948 1427; x_wconf 85' lang='lat' dir='ltr'>ubique</span> <span class='ocrx_word' id='word_1_272' title='bbox 963 1389 1119 1428; x_wconf 85' lang='lat' dir='ltr'>specimina</span> <span class='ocrx_word' id='word_1_273' title='bbox 1140 1396 1160 1423; x_wconf 85' lang='lat' dir='ltr'>l,</span> <span class='ocrx_word' id='word_1_274' title='bbox 1172 1394 1197 1424; x_wconf 76' lang='lat'>2,</span> <span class='ocrx_word' id='word_1_275' title='bbox 1209 1389 1234 1423; x_wconf 68' lang='lat' dir='ltr'>«l,</span> <span class='ocrx_word' id='word_1_276' title='bbox 1247 1395 1260 1417; x_wconf 91' lang='lat' dir='ltr'>S</span> <span class='ocrx_word' id='word_1_277' title='bbox 1277 1395 1305 1417; x_wconf 87' lang='lat' dir='ltr'>et</span> <span class='ocrx_word' id='word_1_278' title='bbox 1325 1389 1527 1423; x_wconf 73' lang='lat' dir='ltr'>to-rellnlaria,</span> <span class='ocrx_word' id='word_1_279' title='bbox 1543 1390 1643 1418; x_wconf 85' lang='lat' dir='ltr'>eodem</span> <span class='ocrx_word' id='word_1_280' title='bbox 1662 1390 1725 1418; x_wconf 78' lang='lat' dir='ltr'>loco</span> <span class='ocrx_word' id='word_1_281' title='bbox 1741 1391 1782 1418; x_wconf 89' lang='lat' dir='ltr'>vi-</span> 
     </span>
     <span class='ocr_line' id='line_1_24' title="bbox 204 1440 1781 1482; baseline 0.001 -13"><span class='ocrx_word' id='word_1_282' title='bbox 204 1442 311 1482; x_wconf 87' lang='lat' dir='ltr'>gentia,</span> <span class='ocrx_word' id='word_1_283' title='bbox 326 1441 393 1469; x_wconf 82' lang='lat' dir='ltr'>mihi</span> <span class='ocrx_word' id='word_1_284' title='bbox 407 1441 546 1480; x_wconf 84' lang='lat' dir='ltr'>praebuit.</span> <span class='ocrx_word' id='word_1_285' title='bbox 564 1441 646 1477; x_wconf 87' lang='lat' dir='ltr'>Quae</span> <span class='ocrx_word' id='word_1_286' title='bbox 659 1452 744 1479; x_wconf 87' lang='lat' dir='ltr'>quum</span> <span class='ocrx_word' id='word_1_287' title='bbox 757 1441 793 1468; x_wconf 91' lang='lat' dir='ltr'>ita</span> <span class='ocrx_word' id='word_1_288' title='bbox 805 1441 872 1476; x_wconf 87' lang='lat' dir='ltr'>sint,</span> <span class='ocrx_word' id='word_1_289' title='bbox 888 1440 1072 1468; x_wconf 87' lang='lat' dir='ltr'>dubitandum</span> <span class='ocrx_word' id='word_1_290' title='bbox 1086 1451 1144 1468; x_wconf 89' lang='lat' dir='ltr'>non</span> <span class='ocrx_word' id='word_1_291' title='bbox 1158 1446 1199 1468; x_wconf 88' lang='lat' dir='ltr'>est</span> <span class='ocrx_word' id='word_1_292' title='bbox 1211 1451 1225 1468; x_wconf 89' lang='lat' dir='ltr'>e</span> <span class='ocrx_word' id='word_1_293' title='bbox 1240 1440 1387 1468; x_wconf 87' lang='lat' dir='ltr'>coenobiis</span> <span class='ocrx_word' id='word_1_294' title='bbox 1404 1440 1595 1469; x_wconf 81' lang='lat' dir='ltr'>matricalibus</span> <span class='ocrx_word' id='word_1_295' title='bbox 1605 1441 1697 1469; x_wconf 79' lang='lat' dir='ltr'>filialia</span> <span class='ocrx_word' id='word_1_296' title='bbox 1707 1442 1781 1470; x_wconf 88' lang='lat' dir='ltr'>nasci</span> 
     </span>
     <span class='ocr_line' id='line_1_25' title="bbox 204 1491 1781 1529; baseline -0.001 -8"><span class='ocrx_word' id='word_1_297' title='bbox 204 1492 368 1521; x_wconf 80' lang='lat' dir='ltr'>cellularum</span> <span class='ocrx_word' id='word_1_298' title='bbox 390 1503 510 1520; x_wconf 90' lang='lat' dir='ltr'>numero</span> <span class='ocrx_word' id='word_1_299' title='bbox 531 1497 559 1520; x_wconf 85' lang='lat' dir='ltr'>et</span> <span class='ocrx_word' id='word_1_300' title='bbox 581 1503 595 1520; x_wconf 93' lang='lat' dir='ltr'>a</span> <span class='ocrx_word' id='word_1_301' title='bbox 616 1491 807 1520; x_wconf 86' lang='lat' dir='ltr'>matricalibus</span> <span class='ocrx_word' id='word_1_302' title='bbox 830 1497 858 1519; x_wconf 87' lang='lat' dir='ltr'>et</span> <span class='ocrx_word' id='word_1_303' title='bbox 882 1492 957 1519; x_wconf 88' lang='lat' dir='ltr'>inter</span> <span class='ocrx_word' id='word_1_304' title='bbox 977 1502 1006 1519; x_wconf 89' lang='lat' dir='ltr'>se</span> <span class='ocrx_word' id='word_1_305' title='bbox 1027 1491 1152 1526; x_wconf 86' lang='lat' dir='ltr'>diversa,</span> <span class='ocrx_word' id='word_1_306' title='bbox 1178 1491 1254 1529; x_wconf 85' lang='lat' dir='ltr'>quod</span> <span class='ocrx_word' id='word_1_307' title='bbox 1273 1497 1300 1519; x_wconf 90' lang='lat' dir='ltr'>et</span> <span class='ocrx_word' id='word_1_308' title='bbox 1321 1491 1568 1519; x_wconf 79' lang='lat' dir='ltr'>observationibus</span> <span class='ocrx_word' id='word_1_309' title='bbox 1591 1492 1705 1520; x_wconf 89' lang='lat' dir='ltr'>directis</span> <span class='ocrx_word' id='word_1_310' title='bbox 1734 1493 1781 1520; x_wconf 77' lang='lat' dir='ltr'>‹le-</span> 
     </span>
     <span class='ocr_line' id='line_1_26' title="bbox 204 1541 1782 1580; baseline -0.001 -8"><span class='ocrx_word' id='word_1_311' title='bbox 204 1549 389 1572; x_wconf 88' lang='lat' dir='ltr'>monstratur.</span> <span class='ocrx_word' id='word_1_312' title='bbox 434 1546 468 1570; x_wconf 92' lang='lat' dir='ltr'>P.</span> <span class='ocrx_word' id='word_1_313' title='bbox 497 1544 630 1579; x_wconf 79' lang='lat' dir='ltr'>Borymn&#39;</span> <span class='ocrx_word' id='word_1_314' title='bbox 655 1543 769 1580; x_wconf 89' lang='lat' dir='ltr'>quidem</span> <span class='ocrx_word' id='word_1_315' title='bbox 797 1542 893 1580; x_wconf 90' lang='lat' dir='ltr'>proles</span> <span class='ocrx_word' id='word_1_316' title='bbox 906 1563 913 1577; x_wconf 90' lang='lat'>,</span> <span class='ocrx_word' id='word_1_317' title='bbox 950 1552 1032 1579; x_wconf 87' lang='lat' dir='ltr'>quam</span> <span class='ocrx_word' id='word_1_318' title='bbox 1060 1541 1111 1570; x_wconf 92' lang='lat' dir='ltr'>sub</span> <span class='ocrx_word' id='word_1_319' title='bbox 1139 1542 1201 1580; x_wconf 91' lang='lat' dir='ltr'>ipso</span> <span class='ocrx_word' id='word_1_320' title='bbox 1229 1547 1311 1580; x_wconf 85' lang='lat' dir='ltr'>partu</span> <span class='ocrx_word' id='word_1_321' title='bbox 1343 1541 1495 1570; x_wconf 84' lang='lat' dir='ltr'>observare</span> <span class='ocrx_word' id='word_1_322' title='bbox 1513 1543 1581 1570; x_wconf 85' lang='lat' dir='ltr'>mihi</span> <span class='ocrx_word' id='word_1_323' title='bbox 1602 1543 1697 1579; x_wconf 83' lang='lat' dir='ltr'>licuit,</span> <span class='ocrx_word' id='word_1_324' title='bbox 1726 1544 1782 1572; x_wconf 86' lang='lat' dir='ltr'>cel-</span> 
     </span>
     <span class='ocr_line' id='line_1_27' title="bbox 205 1592 1783 1631; baseline 0.001 -9"><span class='ocrx_word' id='word_1_325' title='bbox 205 1594 326 1622; x_wconf 85' lang='lat' dir='ltr'>lularum</span> <span class='ocrx_word' id='word_1_326' title='bbox 344 1604 463 1622; x_wconf 88' lang='lat' dir='ltr'>numero</span> <span class='ocrx_word' id='word_1_327' title='bbox 479 1593 561 1622; x_wconf 86' lang='lat' dir='ltr'>matri</span> <span class='ocrx_word' id='word_1_328' title='bbox 576 1593 673 1621; x_wconf 87' lang='lat' dir='ltr'>similis</span> <span class='ocrx_word' id='word_1_329' title='bbox 688 1599 761 1626; x_wconf 77' lang='lat' dir='ltr'>erat3</span> <span class='ocrx_word' id='word_1_330' title='bbox 788 1598 911 1620; x_wconf 85' lang='lat' dir='ltr'>attamen</span> <span class='ocrx_word' id='word_1_331' title='bbox 932 1593 1076 1631; x_wconf 88' lang='lat' dir='ltr'>specimen</span> <span class='ocrx_word' id='word_1_332' title='bbox 1093 1592 1329 1630; x_wconf 85' lang='lat' dir='ltr'>quadricellnlare</span> <span class='ocrx_word' id='word_1_333' title='bbox 1356 1593 1423 1627; x_wconf 80' lang='lat' dir='ltr'>vidi,</span> <span class='ocrx_word' id='word_1_334' title='bbox 1452 1599 1606 1622; x_wconf 84' lang='lat' dir='ltr'>neonatum</span> <span class='ocrx_word' id='word_1_335' title='bbox 1636 1601 1664 1622; x_wconf 86' lang='lat' dir='ltr'>et</span> <span class='ocrx_word' id='word_1_336' title='bbox 1691 1595 1783 1623; x_wconf 80' lang='lat' dir='ltr'>vesica</span> 
     </span>
     <span class='ocr_line' id='line_1_28' title="bbox 204 1643 1782 1681; baseline 0 -8"><span class='ocrx_word' id='word_1_337' title='bbox 204 1645 343 1673; x_wconf 85' lang='lat' dir='ltr'>matricali</span> <span class='ocrx_word' id='word_1_338' title='bbox 358 1644 449 1673; x_wconf 85' lang='lat' dir='ltr'>adhuc</span> <span class='ocrx_word' id='word_1_339' title='bbox 464 1644 616 1679; x_wconf 77' lang='lat' dir='ltr'>inclusum,</span> <span class='ocrx_word' id='word_1_340' title='bbox 643 1644 704 1672; x_wconf 87' lang='lat' dir='ltr'>aliis</span> <span class='ocrx_word' id='word_1_341' title='bbox 727 1643 872 1672; x_wconf 91' lang='lat' dir='ltr'>nonnullis</span> <span class='ocrx_word' id='word_1_342' title='bbox 888 1643 1138 1671; x_wconf 80' lang='lat' dir='ltr'>octocellnlaribus</span> <span class='ocrx_word' id='word_1_343' title='bbox 1158 1643 1282 1672; x_wconf 86' lang='lat' dir='ltr'>eiusdem</span> <span class='ocrx_word' id='word_1_344' title='bbox 1298 1644 1395 1672; x_wconf 76' lang='lat' dir='ltr'>aetatis</span> <span class='ocrx_word' id='word_1_345' title='bbox 1412 1645 1448 1672; x_wconf 86' lang='lat' dir='ltr'>ita</span> <span class='ocrx_word' id='word_1_346' title='bbox 1469 1645 1674 1681; x_wconf 87' lang='lat' dir='ltr'>consociatum,</span> <span class='ocrx_word' id='word_1_347' title='bbox 1702 1652 1733 1673; x_wconf 91' lang='lat' dir='ltr'>ut</span> <span class='ocrx_word' id='word_1_348' title='bbox 1748 1646 1782 1674; x_wconf 86' lang='lat' dir='ltr'>de</span> 
     </span>
     <span class='ocr_line' id='line_1_29' title="bbox 205 1693 1781 1735; baseline 0 -10"><span class='ocrx_word' id='word_1_349' title='bbox 205 1696 350 1725; x_wconf 91' lang='lat' dir='ltr'>communi</span> <span class='ocrx_word' id='word_1_350' title='bbox 366 1695 481 1735; x_wconf 84' lang='lat' dir='ltr'>origine</span> <span class='ocrx_word' id='word_1_351' title='bbox 498 1696 542 1723; x_wconf 87' lang='lat' dir='ltr'>vix</span> <span class='ocrx_word' id='word_1_352' title='bbox 562 1694 760 1723; x_wconf 85' lang='lat' dir='ltr'>dubitaverim.</span> <span class='ocrx_word' id='word_1_353' title='bbox 787 1696 852 1722; x_wconf 82' lang='lat' dir='ltr'>Am.</span> <span class='ocrx_word' id='word_1_354' title='bbox 870 1693 932 1722; x_wconf 82' lang='lat' dir='ltr'>Cas</span> <span class='ocrx_word' id='word_1_355' title='bbox 944 1705 1047 1733; x_wconf 82' lang='lat' dir='ltr'>pary,</span> <span class='ocrx_word' id='word_1_356' title='bbox 1070 1695 1097 1722; x_wconf 85' lang='lat' dir='ltr'>in</span> <span class='ocrx_word' id='word_1_357' title='bbox 1114 1694 1293 1722; x_wconf 85' lang='lat' dir='ltr'>observando</span> <span class='ocrx_word' id='word_1_358' title='bbox 1315 1694 1436 1730; x_wconf 81' lang='lat' dir='ltr'>felicior,</span> <span class='ocrx_word' id='word_1_359' title='bbox 1451 1706 1466 1723; x_wconf 90' lang='lat' dir='ltr'>e</span> <span class='ocrx_word' id='word_1_360' title='bbox 1481 1696 1627 1725; x_wconf 86' lang='lat' dir='ltr'>coenobio</span> <span class='ocrx_word' id='word_1_361' title='bbox 1644 1696 1781 1725; x_wconf 85' lang='lat' dir='ltr'>matricali</span> 
     </span>
     <span class='ocr_line' id='line_1_30' title="bbox 205 1745 1782 1785; baseline 0.001 -10"><span class='ocrx_word' id='word_1_362' title='bbox 205 1747 286 1776; x_wconf 83' lang='lat' dir='ltr'>huius</span> <span class='ocrx_word' id='word_1_363' title='bbox 304 1747 408 1785; x_wconf 88' lang='lat' dir='ltr'>speciei</span> <span class='ocrx_word' id='word_1_364' title='bbox 426 1746 515 1783; x_wconf 86' lang='lat' dir='ltr'>(conf.</span> <span class='ocrx_word' id='word_1_365' title='bbox 531 1757 558 1785; x_wconf 88' lang='lat' dir='ltr'>p.</span> <span class='ocrx_word' id='word_1_366' title='bbox 574 1748 633 1782; x_wconf 61' lang='lat'>65),</span> <span class='ocrx_word' id='word_1_367' title='bbox 654 1745 762 1774; x_wconf 76' lang='lat' dir='ltr'>cellulis</span> <span class='ocrx_word' id='word_1_368' title='bbox 777 1751 807 1773; x_wconf 69' lang='grc'>31</span> <span class='ocrx_word' id='word_1_369' title='bbox 826 1745 977 1779; x_wconf 83' lang='lat' dir='ltr'>instructo,</span> <span class='ocrx_word' id='word_1_370' title='bbox 1001 1745 1092 1773; x_wconf 78' lang='lat' dir='ltr'>filialia</span> <span class='ocrx_word' id='word_1_371' title='bbox 1113 1754 1137 1773; x_wconf 82' lang='grc'>11</span> <span class='ocrx_word' id='word_1_372' title='bbox 1157 1745 1273 1783; x_wconf 88' lang='lat' dir='ltr'>prodire</span> <span class='ocrx_word' id='word_1_373' title='bbox 1294 1746 1374 1781; x_wconf 80' lang='lat' dir='ltr'>vidit,</span> <span class='ocrx_word' id='word_1_374' title='bbox 1395 1757 1409 1774; x_wconf 89' lang='lat' dir='ltr'>e</span> <span class='ocrx_word' id='word_1_375' title='bbox 1424 1746 1525 1784; x_wconf 86' lang='lat' dir='ltr'>quibus</span> <span class='ocrx_word' id='word_1_376' title='bbox 1542 1752 1555 1775; x_wconf 81' lang='lat' dir='ltr'>S</span> <span class='ocrx_word' id='word_1_377' title='bbox 1572 1747 1679 1776; x_wconf 85' lang='lat' dir='ltr'>cellulis</span> <span class='ocrx_word' id='word_1_378' title='bbox 1696 1753 1729 1776; x_wconf 60' lang='lat'>‚30</span> <span class='ocrx_word' id='word_1_379' title='bbox 1749 1748 1782 1776; x_wconf 78' lang='lat' dir='ltr'>ad</span> 
     </span>
     <span class='ocr_line' id='line_1_31' title="bbox 205 1796 1778 1835; baseline 0.001 -9"><span class='ocrx_word' id='word_1_380' title='bbox 205 1803 248 1833; x_wconf 60' lang='lat'>32,</span> <span class='ocrx_word' id='word_1_381' title='bbox 267 1809 353 1826; x_wconf 91' lang='lat' dir='ltr'>unum</span> <span class='ocrx_word' id='word_1_382' title='bbox 370 1797 477 1826; x_wconf 91' lang='lat' dir='ltr'>cellulis</span> <span class='ocrx_word' id='word_1_383' title='bbox 494 1800 537 1833; x_wconf 83' lang='lat'>16,</span> <span class='ocrx_word' id='word_1_384' title='bbox 553 1797 609 1825; x_wconf 80' lang='lat' dir='ltr'>duo</span> <span class='ocrx_word' id='word_1_385' title='bbox 625 1796 733 1825; x_wconf 89' lang='lat' dir='ltr'>cellulis</span> <span class='ocrx_word' id='word_1_386' title='bbox 751 1796 777 1824; x_wconf 60' lang='lat'>11&#39;1</span> <span class='ocrx_word' id='word_1_387' title='bbox 793 1796 964 1835; x_wconf 78' lang='lat' dir='ltr'>gaudebant.</span> <span class='ocrx_word' id='word_1_388' title='bbox 984 1799 1016 1824; x_wconf 91' lang='lat' dir='ltr'>P.</span> <span class='ocrx_word' id='word_1_389' title='bbox 1025 1800 1125 1831; x_wconf 73' lang='lat' dir='ltr'>asperi</span> <span class='ocrx_word' id='word_1_390' title='bbox 1137 1807 1251 1834; x_wconf 87' lang='lat' dir='ltr'>quoque</span> <span class='ocrx_word' id='word_1_391' title='bbox 1265 1797 1409 1835; x_wconf 81' lang='lat' dir='ltr'>specimen</span> <span class='ocrx_word' id='word_1_392' title='bbox 1426 1803 1580 1826; x_wconf 88' lang='lat' dir='ltr'>neonatum</span> <span class='ocrx_word' id='word_1_393' title='bbox 1597 1809 1611 1827; x_wconf 92' lang='lat' dir='ltr'>e</span> <span class='ocrx_word' id='word_1_394' title='bbox 1627 1799 1735 1827; x_wconf 82' lang='lat' dir='ltr'>cellulis</span> <span class='ocrx_word' id='word_1_395' title='bbox 1745 1804 1778 1827; x_wconf 50' lang='lat'>,32</span> 
     </span>
     <span class='ocr_line' id='line_1_32' title="bbox 205 1847 1782 1888; baseline 0.001 -11"><span class='ocrx_word' id='word_1_396' title='bbox 205 1849 395 1888; x_wconf 88' lang='lat' dir='ltr'>compositum</span> <span class='ocrx_word' id='word_1_397' title='bbox 410 1848 485 1876; x_wconf 83' lang='lat' dir='ltr'>iuxta</span> <span class='ocrx_word' id='word_1_398' title='bbox 499 1854 617 1876; x_wconf 84' lang='lat' dir='ltr'>matrem</span> <span class='ocrx_word' id='word_1_399' title='bbox 633 1847 846 1876; x_wconf 57' lang='lat' dir='ltr'>fisi-cellularem</span> <span class='ocrx_word' id='word_1_400' title='bbox 862 1847 928 1875; x_wconf 89' lang='lat' dir='ltr'>vidi.</span> <span class='ocrx_word' id='word_1_401' title='bbox 953 1847 1041 1883; x_wconf 87' lang='lat' dir='ltr'>Quod</span> <span class='ocrx_word' id='word_1_402' title='bbox 1055 1847 1088 1875; x_wconf 91' lang='lat' dir='ltr'>ad</span> <span class='ocrx_word' id='word_1_403' title='bbox 1101 1847 1234 1887; x_wconf 77' lang='lat' dir='ltr'>analogas</span> <span class='ocrx_word' id='word_1_404' title='bbox 1249 1848 1360 1876; x_wconf 90' lang='lat' dir='ltr'>numeri</span> <span class='ocrx_word' id='word_1_405' title='bbox 1375 1848 1525 1876; x_wconf 84' lang='lat' dir='ltr'>varietates</span> <span class='ocrx_word' id='word_1_406' title='bbox 1545 1849 1655 1885; x_wconf 87' lang='lat' dir='ltr'>attinet,</span> <span class='ocrx_word' id='word_1_407' title='bbox 1676 1861 1782 1886; x_wconf 84' lang='lat' dir='ltr'>earum,</span> 
     </span>
     <span class='ocr_line' id='line_1_33' title="bbox 206 1898 1782 1939; baseline 0.001 -11"><span class='ocrx_word' id='word_1_408' title='bbox 206 1911 276 1939; x_wconf 86' lang='lat' dir='ltr'>quae</span> <span class='ocrx_word' id='word_1_409' title='bbox 292 1901 319 1928; x_wconf 90' lang='lat' dir='ltr'>in</span> <span class='ocrx_word' id='word_1_410' title='bbox 334 1903 536 1934; x_wconf 77' lang='lat' dir='ltr'>Scenodesmo,</span> <span class='ocrx_word' id='word_1_411' title='bbox 551 1902 690 1927; x_wconf 77' lang='lat' dir='ltr'>Sorastro</span> <span class='ocrx_word' id='word_1_412' title='bbox 706 1905 734 1927; x_wconf 90' lang='lat' dir='ltr'>et</span> <span class='ocrx_word' id='word_1_413' title='bbox 757 1902 904 1926; x_wconf 78' lang='lat' dir='ltr'>Coelastro</span> <span class='ocrx_word' id='word_1_414' title='bbox 921 1898 1119 1934; x_wconf 85' lang='lat' dir='ltr'>observantur,</span> <span class='ocrx_word' id='word_1_415' title='bbox 1146 1899 1322 1927; x_wconf 88' lang='lat' dir='ltr'>mentionem</span> <span class='ocrx_word' id='word_1_416' title='bbox 1341 1899 1446 1927; x_wconf 78' lang='lat' dir='ltr'>faciam.</span> <span class='ocrx_word' id='word_1_417' title='bbox 1476 1902 1664 1928; x_wconf 71' lang='lat' dir='ltr'>Scenodesmi</span> <span class='ocrx_word' id='word_1_418' title='bbox 1675 1902 1782 1939; x_wconf 86' lang='lat' dir='ltr'>species</span> 
     </span>
     <span class='ocr_line' id='line_1_34' title="bbox 205 1945 1783 1991; baseline 0 -11"><span class='ocrx_word' id='word_1_419' title='bbox 205 1962 305 1980; x_wconf 85' lang='lat' dir='ltr'>omnes</span> <span class='ocrx_word' id='word_1_420' title='bbox 321 1950 468 1979; x_wconf 83' lang='lat' dir='ltr'>coenobiis</span> <span class='ocrx_word' id='word_1_421' title='bbox 484 1950 535 1985; x_wconf 90' lang='lat' dir='ltr'>bi-,</span> <span class='ocrx_word' id='word_1_422' title='bbox 552 1950 666 1988; x_wconf 83' lang='lat' dir='ltr'>quadri·</span> <span class='ocrx_word' id='word_1_423' title='bbox 682 1956 708 1978; x_wconf 87' lang='lat' dir='ltr'>et</span> <span class='ocrx_word' id='word_1_424' title='bbox 723 1949 971 1978; x_wconf 86' lang='lat' dir='ltr'>octocellnlaribus</span> <span class='ocrx_word' id='word_1_425' title='bbox 988 1949 1097 1977; x_wconf 89' lang='lat' dir='ltr'>variant</span> <span class='ocrx_word' id='word_1_426' title='bbox 1108 1945 1546 1987; x_wconf 74' lang='lat' dir='ltr'>(¹);Sorastrumspinulosum</span> <span class='ocrx_word' id='word_1_427' title='bbox 1561 1962 1574 1979; x_wconf 89' lang='lat' dir='ltr'>a</span> <span class='ocrx_word' id='word_1_428' title='bbox 1590 1952 1712 1991; x_wconf 69' lang='lat' dir='ltr'>Niigelio</span> <span class='ocrx_word' id='word_1_429' title='bbox 1727 1952 1783 1980; x_wconf 89' lang='lat' dir='ltr'>cel-</span> 
     </span>
     <span class='ocr_line' id='line_1_35' title="bbox 205 1995 1783 2040; baseline 0 -10"><span class='ocrx_word' id='word_1_430' title='bbox 205 2002 268 2031; x_wconf 85' lang='lat' dir='ltr'>lulis</span> <span class='ocrx_word' id='word_1_431' title='bbox 286 2009 297 2030; x_wconf 69' lang='lat' dir='ltr'>S</span> <span class='ocrx_word' id='word_1_432' title='bbox 321 2008 348 2031; x_wconf 87' lang='lat' dir='ltr'>et</span> <span class='ocrx_word' id='word_1_433' title='bbox 369 2009 396 2030; x_wconf 68' lang='lat' dir='ltr'>lt&gt;</span> <span class='ocrx_word' id='word_1_434' title='bbox 420 2007 650 2040; x_wconf 85' lang='lat' dir='ltr'>repraesentatur</span> <span class='ocrx_word' id='word_1_435' title='bbox 664 1995 724 2038; x_wconf 68' lang='lat'>(²),</span> <span class='ocrx_word' id='word_1_436' title='bbox 752 2001 810 2039; x_wconf 87' lang='lat' dir='ltr'>ipse</span> <span class='ocrx_word' id='word_1_437' title='bbox 831 2001 947 2039; x_wconf 87' lang='lat' dir='ltr'>insuper</span> <span class='ocrx_word' id='word_1_438' title='bbox 968 2000 1123 2039; x_wconf 86' lang='lat' dir='ltr'>specimina</span> <span class='ocrx_word' id='word_1_439' title='bbox 1144 2000 1387 2039; x_wconf 82' lang='lat' dir='ltr'>quadricellularia</span> <span class='ocrx_word' id='word_1_440' title='bbox 1410 2001 1573 2034; x_wconf 78' lang='lat' dir='ltr'>observavi;</span> <span class='ocrx_word' id='word_1_441' title='bbox 1604 2006 1783 2030; x_wconf 75' lang='lat' dir='ltr'>Coe-laslrum</span> 
     </span>
     <span class='ocr_line' id='line_1_36' title="bbox 204 2046 1781 2092; baseline 0.001 -11"><span class='ocrx_word' id='word_1_442' title='bbox 204 2057 383 2089; x_wconf 69' lang='lat' dir='ltr'>sphaericum</span> <span class='ocrx_word' id='word_1_443' title='bbox 399 2053 555 2081; x_wconf 88' lang='lat' dir='ltr'>secundum</span> <span class='ocrx_word' id='word_1_444' title='bbox 571 2052 723 2092; x_wconf 70' lang='lat' dir='ltr'>Niigelium</span> <span class='ocrx_word' id='word_1_445' title='bbox 739 2051 846 2080; x_wconf 85' lang='lat' dir='ltr'>cellulis</span> <span class='ocrx_word' id='word_1_446' title='bbox 868 2056 975 2080; x_wconf 72' lang='lat'>[.}—22</span> <span class='ocrx_word' id='word_1_447' title='bbox 999 2052 1184 2090; x_wconf 83' lang='lat' dir='ltr'>componitur</span> <span class='ocrx_word' id='word_1_448' title='bbox 1198 2046 1256 2088; x_wconf 72' lang='lat'>(³),</span> <span class='ocrx_word' id='word_1_449' title='bbox 1277 2062 1291 2080; x_wconf 87' lang='lat' dir='ltr'>e</span> <span class='ocrx_word' id='word_1_450' title='bbox 1306 2052 1510 2091; x_wconf 82' lang='lat' dir='ltr'>Pringsheimii</span> <span class='ocrx_word' id='word_1_451' title='bbox 1532 2053 1781 2083; x_wconf 86' lang='lat' dir='ltr'>observationibus</span> 
     </span>
     <span class='ocr_line' id='line_1_37' title="bbox 206 2098 1498 2144; baseline -0.001 -12"><span class='ocrx_word' id='word_1_452' title='bbox 206 2104 314 2133; x_wconf 87' lang='lat' dir='ltr'>cellulis</span> <span class='ocrx_word' id='word_1_453' title='bbox 330 2105 354 2140; x_wconf 65' lang='lat' dir='ltr'>«l,</span> <span class='ocrx_word' id='word_1_454' title='bbox 371 2110 395 2138; x_wconf 81' lang='lat' dir='ltr'>S,</span> <span class='ocrx_word' id='word_1_455' title='bbox 412 2111 443 2132; x_wconf 70' lang='lat' dir='ltr'>to</span> <span class='ocrx_word' id='word_1_456' title='bbox 460 2103 504 2132; x_wconf 89' lang='lat' dir='ltr'>vel</span> <span class='ocrx_word' id='word_1_457' title='bbox 520 2103 580 2141; x_wconf 89' lang='lat' dir='ltr'>plus</span> <span class='ocrx_word' id='word_1_458' title='bbox 601 2114 682 2141; x_wconf 85' lang='lat' dir='ltr'>quam</span> <span class='ocrx_word' id='word_1_459' title='bbox 699 2109 733 2131; x_wconf 69' lang='lat'>⁴30</span> <span class='ocrx_word' id='word_1_460' title='bbox 750 2098 814 2144; x_wconf 55' lang='lat'>(⁴);</span> <span class='ocrx_word' id='word_1_461' title='bbox 836 2105 863 2130; x_wconf 86' lang='lat' dir='ltr'>C.</span> <span class='ocrx_word' id='word_1_462' title='bbox 879 2106 1073 2138; x_wconf 75' lang='lat' dir='ltr'>microporum</span> <span class='ocrx_word' id='word_1_463' title='bbox 1089 2102 1197 2131; x_wconf 86' lang='lat' dir='ltr'>cellulis</span> <span class='ocrx_word' id='word_1_464' title='bbox 1214 2109 1238 2137; x_wconf 72' lang='lat' dir='ltr'>S,</span> <span class='ocrx_word' id='word_1_465' title='bbox 1257 2106 1285 2131; x_wconf 69' lang='grc' dir='ltr'>1ίί</span> <span class='ocrx_word' id='word_1_466' title='bbox 1301 2108 1329 2131; x_wconf 92' lang='lat' dir='ltr'>et</span> <span class='ocrx_word' id='word_1_467' title='bbox 1344 2109 1376 2131; x_wconf 57' lang='grc' dir='ltr'>αἱ]</span> <span class='ocrx_word' id='word_1_468' title='bbox 1393 2103 1498 2131; x_wconf 84' lang='lat' dir='ltr'>inveni.</span> 
     </span>
    </p>

    <p class='ocr_par' dir='ltr' id='par_1_3' title="bbox 347 2153 1782 2194">
     <span class='ocr_line' id='line_1_38' title="bbox 347 2153 1782 2194; baseline 0.001 -11"><span class='ocrx_word' id='word_1_469' title='bbox 347 2154 472 2183; x_wconf 85' lang='lat' dir='ltr'>Cellulae</span> <span class='ocrx_word' id='word_1_470' title='bbox 488 2165 608 2183; x_wconf 90' lang='lat' dir='ltr'>numero</span> <span class='ocrx_word' id='word_1_471' title='bbox 622 2154 751 2192; x_wconf 81' lang='lat' dir='ltr'>aequales</span> <span class='ocrx_word' id='word_1_472' title='bbox 766 2164 824 2182; x_wconf 87' lang='lat' dir='ltr'>non</span> <span class='ocrx_word' id='word_1_473' title='bbox 839 2164 952 2192; x_wconf 90' lang='lat' dir='ltr'>semper</span> <span class='ocrx_word' id='word_1_474' title='bbox 966 2153 1066 2181; x_wconf 85' lang='lat' dir='ltr'>eodem</span> <span class='ocrx_word' id='word_1_475' title='bbox 1081 2153 1169 2181; x_wconf 85' lang='lat' dir='ltr'>modo</span> <span class='ocrx_word' id='word_1_476' title='bbox 1188 2153 1216 2181; x_wconf 92' lang='lat' dir='ltr'>in</span> <span class='ocrx_word' id='word_1_477' title='bbox 1233 2153 1363 2182; x_wconf 92' lang='lat' dir='ltr'>ordinem</span> <span class='ocrx_word' id='word_1_478' title='bbox 1380 2154 1506 2194; x_wconf 77' lang='lat' dir='ltr'>digestae</span> <span class='ocrx_word' id='word_1_479' title='bbox 1522 2155 1782 2193; x_wconf 79' lang='lat' dir='ltr'>reprehenduntur,</span> 
     </span>
    </p>
   </div>
   <div class='ocr_carea' id='block_1_3' title="bbox 207 2204 1780 2245">
    <p class='ocr_par' dir='ltr' id='par_1_4' title="bbox 207 2204 1780 2245">
     <span class='ocr_line' id='line_1_39' title="bbox 207 2204 1780 2245; baseline 0.001 -11"><span class='ocrx_word' id='word_1_480' title='bbox 207 2205 395 2244; x_wconf 87' lang='lat' dir='ltr'>dispositione</span> <span class='ocrx_word' id='word_1_481' title='bbox 412 2216 446 2234; x_wconf 91' lang='lat' dir='ltr'>eo</span> <span class='ocrx_word' id='word_1_482' title='bbox 461 2206 549 2245; x_wconf 82' lang='lat' dir='ltr'>magis</span> <span class='ocrx_word' id='word_1_483' title='bbox 567 2206 641 2233; x_wconf 88' lang='lat' dir='ltr'>varia</span> <span class='ocrx_word' id='word_1_484' title='bbox 657 2216 748 2244; x_wconf 90' lang='lat' dir='ltr'>eoque</span> <span class='ocrx_word' id='word_1_485' title='bbox 764 2205 851 2244; x_wconf 78' lang='lat' dir='ltr'>magis</span> <span class='ocrx_word' id='word_1_486' title='bbox 868 2204 900 2232; x_wconf 68' lang='lat' dir='ltr'>ai]</span> <span class='ocrx_word' id='word_1_487' title='bbox 917 2204 1125 2243; x_wconf 78' lang='lat' dir='ltr'>irregularitem</span> <span class='ocrx_word' id='word_1_488' title='bbox 1149 2210 1298 2243; x_wconf 85' lang='lat' dir='ltr'>vergente,</span> <span class='ocrx_word' id='word_1_489' title='bbox 1326 2216 1382 2243; x_wconf 91' lang='lat' dir='ltr'>quo</span> <span class='ocrx_word' id='word_1_490' title='bbox 1398 2206 1488 2233; x_wconf 86' lang='lat' dir='ltr'>maior</span> <span class='ocrx_word' id='word_1_491' title='bbox 1503 2205 1666 2234; x_wconf 89' lang='lat' dir='ltr'>cellularum</span> <span class='ocrx_word' id='word_1_492' title='bbox 1682 2217 1780 2235; x_wconf 82' lang='lat' dir='ltr'>nume-</span> 
     </span>
    </p>
   </div>
   <div class='ocr_carea' id='block_1_4' title="bbox 210 2261 1758 2267">
    <p class='ocr_par' dir='ltr' id='par_1_5' title="bbox 210 2261 1758 2267">
     <span class='ocr_line' id='line_1_40' title="bbox 210 2261 1758 2267; baseline 0 0"><span class='ocrx_word' id='word_1_493' title='bbox 210 2261 1758 2267; x_wconf 95' lang='lat' dir='ltr'> </span> 
     </span>
    </p>
   </div>
   <div class='ocr_carea' id='block_1_5' title="bbox 205 2287 1781 2533">
    <p class='ocr_par' dir='ltr' id='par_1_6' title="bbox 206 2287 1781 2371">
     <span class='ocr_line' id='line_1_41' title="bbox 283 2287 1781 2330; baseline 0.001 -12"><span class='ocrx_word' id='word_1_494' title='bbox 283 2287 330 2327; x_wconf 92' lang='lat'>(&#39;)</span> <span class='ocrx_word' id='word_1_495' title='bbox 360 2289 445 2318; x_wconf 80' lang='lat' dir='ltr'>Cous.</span> <span class='ocrx_word' id='word_1_496' title='bbox 466 2293 511 2318; x_wconf 81' lang='lat' dir='ltr'>Sc.</span> <span class='ocrx_word' id='word_1_497' title='bbox 534 2294 674 2318; x_wconf 78' lang='lat' dir='ltr'>caudatus</span> <span class='ocrx_word' id='word_1_498' title='bbox 696 2288 792 2318; x_wconf 88' lang='lat' dir='ltr'>Corda</span> <span class='ocrx_word' id='word_1_499' title='bbox 813 2301 833 2318; x_wconf 90' lang='lat' dir='ltr'>s.</span> <span class='ocrx_word' id='word_1_500' title='bbox 855 2293 1053 2326; x_wconf 72' lang='lat' dir='ltr'>quadrz&#39;cnuda</span> <span class='ocrx_word' id='word_1_501' title='bbox 1081 2289 1160 2317; x_wconf 84' lang='lat' dir='ltr'>Ralss</span> <span class='ocrx_word' id='word_1_502' title='bbox 1189 2290 1217 2318; x_wconf 89' lang='lat' dir='ltr'>in</span> <span class='ocrx_word' id='word_1_503' title='bbox 1243 2290 1316 2329; x_wconf 63' lang='lat' dir='ltr'>Niig.</span> <span class='ocrx_word' id='word_1_504' title='bbox 1345 2291 1418 2319; x_wconf 86' lang='lat' dir='ltr'>einz.</span> <span class='ocrx_word' id='word_1_505' title='bbox 1447 2290 1511 2330; x_wconf 72' lang='lat' dir='ltr'>Alg.</span> <span class='ocrx_word' id='word_1_506' title='bbox 1533 2296 1551 2318; x_wconf 88' lang='lat' dir='ltr'>t.</span> <span class='ocrx_word' id='word_1_507' title='bbox 1574 2291 1605 2318; x_wconf 90' lang='lat' dir='ltr'>V.</span> <span class='ocrx_word' id='word_1_508' title='bbox 1622 2291 1656 2318; x_wconf 85' lang='lat' dir='ltr'>A.</span> <span class='ocrx_word' id='word_1_509' title='bbox 1679 2291 1695 2318; x_wconf 89' lang='lat' dir='ltr'>f.</span> <span class='ocrx_word' id='word_1_510' title='bbox 1713 2298 1736 2320; x_wconf 81' lang='lat'>2.</span> <span class='ocrx_word' id='word_1_511' title='bbox 1753 2298 1781 2320; x_wconf 85' lang='lat' dir='ltr'>et</span> 
     </span>
     <span class='ocr_line' id='line_1_42' title="bbox 206 2341 678 2371; baseline -0.004 0"><span class='ocrx_word' id='word_1_512' title='bbox 206 2341 285 2371; x_wconf 79' lang='lat' dir='ltr'>Ralfs</span> <span class='ocrx_word' id='word_1_513' title='bbox 301 2342 372 2369; x_wconf 84' lang='lat' dir='ltr'>Brit.</span> <span class='ocrx_word' id='word_1_514' title='bbox 389 2341 486 2369; x_wconf 88' lang='lat' dir='ltr'>Desm.</span> <span class='ocrx_word' id='word_1_515' title='bbox 502 2346 521 2368; x_wconf 90' lang='lat' dir='ltr'>t.</span> <span class='ocrx_word' id='word_1_516' title='bbox 538 2347 580 2370; x_wconf 77' lang='lat'>31.</span> <span class='ocrx_word' id='word_1_517' title='bbox 601 2341 618 2369; x_wconf 90' lang='lat' dir='ltr'>f.</span> <span class='ocrx_word' id='word_1_518' title='bbox 639 2348 678 2369; x_wconf 73' lang='grc'>13.</span> 
     </span>
    </p>

    <p class='ocr_par' dir='ltr' id='par_1_7' title="bbox 205 2386 1781 2473">
     <span class='ocr_line' id='line_1_43' title="bbox 283 2386 1781 2432; baseline 0.002 -13"><span class='ocrx_word' id='word_1_519' title='bbox 283 2386 330 2429; x_wconf 67' lang='lat'>(²)</span> <span class='ocrx_word' id='word_1_520' title='bbox 358 2393 432 2431; x_wconf 73' lang='lat' dir='ltr'>N&#39;ag.</span> <span class='ocrx_word' id='word_1_521' title='bbox 448 2392 520 2420; x_wconf 77' lang='lat' dir='ltr'>einz.</span> <span class='ocrx_word' id='word_1_522' title='bbox 541 2391 607 2431; x_wconf 80' lang='lat' dir='ltr'>Alg.</span> <span class='ocrx_word' id='word_1_523' title='bbox 622 2397 641 2420; x_wconf 92' lang='lat' dir='ltr'>t.</span> <span class='ocrx_word' id='word_1_524' title='bbox 658 2392 693 2420; x_wconf 86' lang='lat' dir='ltr'>V.</span> <span class='ocrx_word' id='word_1_525' title='bbox 713 2392 749 2420; x_wconf 89' lang='lat' dir='ltr'>D.</span> <span class='ocrx_word' id='word_1_526' title='bbox 774 2394 943 2419; x_wconf 80' lang='lat' dir='ltr'>Soraslrum</span> <span class='ocrx_word' id='word_1_527' title='bbox 963 2395 1143 2427; x_wconf 79' lang='lat' dir='ltr'>spinulosum</span> <span class='ocrx_word' id='word_1_528' title='bbox 1170 2391 1246 2431; x_wconf 65' lang='lat' dir='ltr'>Nag.</span> <span class='ocrx_word' id='word_1_529' title='bbox 1269 2391 1342 2432; x_wconf 78' lang='lat' dir='ltr'>Alga</span> <span class='ocrx_word' id='word_1_530' title='bbox 1363 2398 1406 2421; x_wconf 81' lang='lat' dir='ltr'>est</span> <span class='ocrx_word' id='word_1_531' title='bbox 1424 2391 1575 2432; x_wconf 74' lang='lat' dir='ltr'>friburgi,</span> <span class='ocrx_word' id='word_1_532' title='bbox 1601 2392 1731 2422; x_wconf 71' lang='lat' dir='ltr'>Berolini</span> <span class='ocrx_word' id='word_1_533' title='bbox 1754 2400 1781 2422; x_wconf 81' lang='lat' dir='ltr'>et</span> 
     </span>
     <span class='ocr_line' id='line_1_44' title="bbox 205 2442 561 2473; baseline -0.008 0"><span class='ocrx_word' id='word_1_534' title='bbox 205 2443 346 2473; x_wconf 80' lang='lat' dir='ltr'>Neodami</span> <span class='ocrx_word' id='word_1_535' title='bbox 361 2442 477 2471; x_wconf 89' lang='lat' dir='ltr'>minime</span> <span class='ocrx_word' id='word_1_536' title='bbox 492 2453 561 2470; x_wconf 89' lang='lat' dir='ltr'>rara.</span> 
     </span>
    </p>

    <p class='ocr_par' dir='ltr' id='par_1_8' title="bbox 284 2488 1247 2533">
     <span class='ocr_line' id='line_1_45' title="bbox 284 2488 1247 2533; baseline -0.001 -11"><span class='ocrx_word' id='word_1_537' title='bbox 284 2489 332 2532; x_wconf 67' lang='lat'>(³)</span> <span class='ocrx_word' id='word_1_538' title='bbox 360 2495 434 2533; x_wconf 69' lang='lat' dir='ltr'>Nag.</span> <span class='ocrx_word' id='word_1_539' title='bbox 450 2493 467 2521; x_wconf 97' lang='grc'>1.</span> <span class='ocrx_word' id='word_1_540' title='bbox 484 2504 507 2521; x_wconf 91' lang='lat' dir='ltr'>c.</span> <span class='ocrx_word' id='word_1_541' title='bbox 524 2499 543 2521; x_wconf 90' lang='lat' dir='ltr'>t.</span> <span class='ocrx_word' id='word_1_542' title='bbox 558 2493 592 2521; x_wconf 81' lang='lat' dir='ltr'>V.</span> <span class='ocrx_word' id='word_1_543' title='bbox 610 2492 644 2522; x_wconf 92' lang='lat' dir='ltr'>C.</span> <span class='ocrx_word' id='word_1_544' title='bbox 665 2502 684 2522; x_wconf 88' lang='lat'>1.</span> <span class='ocrx_word' id='word_1_545' title='bbox 745 2488 794 2531; x_wconf 58' lang='lat'>(⁴)</span> <span class='ocrx_word' id='word_1_546' title='bbox 848 2493 932 2522; x_wconf 75' lang='lat' dir='ltr'>Flora</span> <span class='ocrx_word' id='word_1_547' title='bbox 954 2499 1026 2523; x_wconf 68' lang='lat'>1852.</span> <span class='ocrx_word' id='word_1_548' title='bbox 1044 2504 1071 2532; x_wconf 90' lang='lat' dir='ltr'>p.</span> <span class='ocrx_word' id='word_1_549' title='bbox 1087 2493 1145 2524; x_wconf 64' lang='lat'>1257.</span> <span class='ocrx_word' id='word_1_550' title='bbox 1162 2500 1180 2522; x_wconf 90' lang='lat' dir='ltr'>t.</span> <span class='ocrx_word' id='word_1_551' title='bbox 1197 2494 1247 2521; x_wconf 66' lang='lat' dir='ltr'>VI.</span> 
     </span>
    </p>
   </div>
  </div>
 </body>
</html>
