2225 3020
1151 222 1198 256 36

520 339 561 363 Π.
588 332 668 360 Idem
687 330 716 358 in
739 329 830 359 stadio
849 328 1014 368 posteriori,
1037 327 1202 357 membrana
1220 328 1346 358 emollita
1369 335 1398 358 et
1420 334 1570 358 extenuata
1594 328 1795 368 amplificatum
1817 332 1846 355 et
1868 326 1957 356 altero

392 386 480 415 latere
499 383 701 412 ventricosum.
734 379 916 420 Zoogonidia
934 385 1014 408 motu
1034 379 1118 408 alacri
1137 379 1250 418 agitata.

534 440 575 462 18.
602 433 682 461 Idem
702 431 826 470 denique
845 431 999 459 lateraliter
1018 430 1204 469 perforatum,
1223 431 1397 470 zoogonidia
1416 441 1449 459 ex
1469 431 1570 459 ordine
1589 430 1732 459 emittens.

529 490 570 516 19.
599 483 752 522 Specimen
765 482 874 511 mediae
886 482 1090 522 magnitudinis
1100 480 1180 510 valde
1195 480 1333 518 inflatum,
1347 481 1531 522 zoogonidiis
1543 481 1678 519 perfectis
1691 479 1850 509 numerosis
1865 478 1960 507 mino-

392 536 468 566 ribus
489 535 581 573 (lente
600 534 728 575 agitatis)
746 533 898 573 repletum.

529 592 572 616 20.
599 586 679 614 Idem
698 585 843 613 dilatatum
863 590 892 613 et
910 583 1064 612 lateraliter
1083 588 1224 622 apertum,
1243 583 1425 623 zoogonidiis
1443 581 1676 611 examinantibus.

529 642 573 666 21.
602 636 786 677 Zoogonidia
805 636 912 664 maiora
930 635 1055 663 tinctura
1075 634 1133 663 iodi
1153 639 1261 670 necata,
1280 639 1311 662 ut
1330 633 1411 662 ciliae
1429 634 1593 673 adpareant.

593 687 716 728 Figurae
735 697 834 716 omnes
854 686 888 715 ad
907 680 955 730 Εἰς-0
971 691 1077 714 auctae.

529 806 566 842 2.
598 805 665 840 Ch.
684 811 895 855 angustum.
951 802 1097 840 Cellula
1116 810 1254 847 erecta,
1283 801 1462 852 aequalis,
1494 803 1593 837 omni
1612 809 1725 837 aetate
1744 800 1956 844 lanceolata,

391 872 492 921 apice
511 871 549 905 in
567 882 719 905 acumen
741 869 852 904 breve
875 866 1061 917 hyalinum
1080 866 1280 917 product33
1309 868 1418 916 stipes
1445 866 1575 909 brevis,
1604 878 1741 900 crassus
1756 892 1765 909 ‚
1796 865 1871 899 basi
1891 863 1959 899 dis-

391 932 731 975 coideo—dilatatus3
753 930 990 982 cytioplasma
1008 932 1232 966 incremento
1252 929 1416 965 nondum
1435 928 1603 965 absoluto
1624 928 1789 970 divisum,
1808 927 1961 978 globulo

391 997 576 1048 amylaceo
601 1004 681 1031 ante
706 995 917 1031 divisionem
943 996 1065 1038 unico,
1088 1001 1213 1044 postea
1239 993 1422 1043 pluribus,
1452 995 1488 1028 in
1513 992 1661 1042 singulis
1680 991 1962 1043 cytioplasmatis

391 1062 554 1112 partibus
585 1059 777 1103 solitariis3
810 1057 1026 1108 zoogonidia
1055 1070 1247 1093 numerosa
1281 1060 1364 1107 (per
1389 1064 1595 1107 aperturam
1619 1055 1804 1092 lateralem
1828 1057 1961 1091 exami-

391 1127 509 1160 nantia
517 1125 565 1169 2)).

528 1186 674 1222 Habitat
692 1185 866 1229 Berolini,
889 1185 953 1220 ubi
970 1185 1076 1220 Iunio
1100 1185 1195 1219 1852
1215 1182 1260 1219 ad
1274 1185 1428 1234 parietes
1443 1196 1622 1226 vasorum,
1645 1184 1682 1217 in
1702 1182 1834 1231 quibus
1849 1181 1961 1232 Algae

391 1253 507 1288 variae
527 1249 753 1293 colebantur,
777 1251 910 1285 inveni.

530 1313 677 1363 Species
696 1315 789 1348 inter
807 1314 965 1362 cognitas
985 1313 1148 1356 maxima,
1171 1311 1403 1361 praecedenti
1429 1311 1572 1355 similis,
1595 1309 1659 1345 sed
1683 1309 1850 1360 pluribus
1869 1311 1964 1344 notis

392 1379 569 1414 distincta.
609 1376 755 1413 Cellula
774 1379 884 1425 magis
904 1375 1069 1424 elongata
1089 1383 1123 1410 et
1142 1383 1337 1424 angustata,
1361 1377 1462 1424 apice
1482 1373 1743 1425 cytiodermate
1769 1375 1962 1408 incrassato

390 1444 549 1478 breviter
567 1442 786 1484 acuminata3
816 1442 926 1490 stipes
954 1440 1030 1474 basi
1049 1441 1084 1473 in
1104 1438 1244 1473 discum
1263 1438 1449 1488 hyalinum
1470 1439 1649 1472 minutum
1670 1436 1883 1487 depressum
1902 1450 1960 1472 ex-

390 1519 536 1557 pansus.
569 1503 779 1553 Longitudo
799 1505 1049 1553 speciminam,
1074 1515 1166 1551 quae
1180 1501 1265 1545 vidi,
1289 1503 1521 1536 minimorum
1537 1501 1647 1550 ‹3¹6¹m3
1669 1500 1753 1536 inde
1768 1502 1963 1551 specimina

391 1570 437 1606 ad
456 1570 625 1620 7¹5—s310m'n'
637 1568 863 1617 elongantur,
884 1579 958 1616 quo
974 1565 1090 1601 stadio
1106 1578 1297 1615 processus
1312 1565 1592 1615 cytioplasmatis
1610 1564 1800 1600 divisorius
1814 1566 1960 1614 incipit3

391 1633 552 1685 perfecta
580 1632 737 1681 denique
763 1632 928 1681 3¹-5-3}¹¹¹¹¹¹·
948 1630 1055 1679 longa
1080 1637 1115 1664 et
1140 1631 1197 1664 vix
1224 1637 1387 1677 quartam
1412 1636 1551 1678 partem
1576 1641 1704 1663 crassa.
1759 1627 1965 1663 Divisiones

391 1697 671 1748 cytioplasmatis
690 1694 932 1730 horizontales
951 1693 1088 1744 pluries
1107 1700 1340 1742 repetuntur,
1370 1694 1417 1727 ita
1435 1699 1476 1727 ut
1493 1704 1600 1742 saepe
1619 1699 1738 1741 partes
1759 1693 1963 1741 superposi-

390 1770 447 1797 tae
467 1761 564 1795 6-8
584 1761 853 1809 conspiciantur
871 1755 1180 1807 longitudinaliter
1199 1755 1364 1791 nondum
1383 1755 1529 1791 divisae.
1557 1754 1784 1804 Zoogonidia
1802 1754 1963 1805 perfecta

392 1837 465 1860 non
485 1825 686 1859 observavi.

970 1885 1187 1924 Explicatio
1206 1883 1274 1912 tab.
1294 1884 1347 1912 111.
1368 1885 1402 1913 B.

523 1948 546 1969 1.
575 1939 730 1978 Specimen
749 1937 882 1966 iuvenile.

520 1997 544 2020 2.
572 1990 725 2029 Specimen
744 1989 853 2018 mediae
872 1988 981 2024 aetatis,
1001 1987 1218 2027 cytioplasmate
1237 1986 1365 2015 nondum
1384 1985 1488 2022 diviso,
1506 1985 1626 2026 globulo
1645 1987 1691 2022 (ut
1709 1985 1737 2013 in
1753 1984 1801 2025 fig.
1821 1986 1849 2022 1)
1868 1984 1963 2013 unico.

519 2049 544 2071 3.
573 2041 725 2080 Specimen
746 2039 960 2079 cytioplasmate
979 2037 1208 2067 transversaliter
1226 2036 1380 2076 bipartito,
1404 2036 1524 2078 globulo
1544 2037 1572 2065 in
1600 2042 1680 2076 parte
1701 2036 1849 2075 superiore
1868 2036 1964 2071 unico,

393 2095 420 2122 in
441 2093 577 2123 inferiore
602 2092 684 2120 binis.

519 2144 544 2173 4.
565 2151 589 2172 5.
618 2142 781 2181 Specimina
800 2140 1023 2181 cytioplasmatis
1042 2140 1182 2169 divisione
1202 2139 1383 2168 transversali
1403 2139 1533 2178 repetita.

519 2198 544 2224 6.
572 2195 670 2223 Status
689 2193 811 2229 adultus,
831 2192 1046 2232 cytioplasmate
1066 2191 1295 2220 transversaliter
1310 2196 1338 2219 et
1357 2189 1607 2230 longitudinaliter
1625 2188 1740 2228 partito,
1758 2188 1808 2217 sed
1822 2188 1963 2229 zoogoni-

395 2247 446 2275 diis
461 2246 587 2275 nondum
604 2245 749 2284 perfectis.

951 2288 998 2316 209

969 2319 977 2338 ί
1017 2300 1124 2322 auctae.

597 2296 720 2336 Figurae
739 2295 930 2334 proportione

534 2427 569 2462 3.
601 2427 668 2461 Ch.
694 2426 852 2475 ngelit.
909 2423 1055 2461 Cellula
1082 2431 1217 2465 erecta,
1249 2421 1429 2472 aequalis,
1460 2422 1580 2456 iunior
1604 2419 1957 2463 lineari-lanceolata,

394 2488 602 2531 lanceolata,
621 2498 767 2539 anguste
787 2489 944 2539 elliptica
959 2487 1018 2524 vel
1037 2488 1203 2531 obovata,
1227 2485 1385 2522 adultior
1403 2485 1508 2520 latius
1534 2484 1693 2534 elliptica
1712 2484 1770 2520 vel
1790 2484 1956 2527 obovata‚
