2225 3020
988 219 1035 255 65

228 326 397 368 Agardlium
417 327 598 366 descripsisse
620 326 777 365 suspicatus
797 332 848 362 est,
875 338 970 365 quum,
996 328 1018 356 si
1032 328 1145 356 Euastri
1161 328 1285 367 speciem
1307 334 1371 358 ante
1388 329 1486 358 oculos
1500 329 1652 366 habuisset,
1678 330 1793 359 divisio-

230 389 294 407 nem
312 379 339 407 in
356 385 448 418 partes
464 379 530 406 duas
546 378 675 415 aequales
697 377 760 406 huic
776 377 875 417 generi
904 378 1160 407 characteristicam
1183 379 1370 417 probabiliter
1387 381 1565 409 observasset
1577 387 1605 409 et
1622 381 1793 410 adnotasset.

229 429 401 469 Kiitzingius
418 440 531 467 quoque
546 429 613 457 olim
626 432 636 465 (
647 425 886 465 ¹)Micrasteriam
903 429 1037 457 surcatam
1058 430 1113 469 Ag.
1127 430 1211 458 simili
1227 430 1312 458 modo
1328 430 1529 469 interpretatus
1545 438 1597 467 est,
1617 432 1793 461 Pediastrum

229 480 398 509 hiradiatum
420 480 545 519 Meyenii
565 480 718 519 synonymi
740 479 804 507 loco
831 479 981 508 adducens.
1028 480 1102 508 Sane
1128 483 1195 508 Ped.
1217 484 1392 508 biradintum
1417 492 1437 510 s.
1462 485 1659 510 Ma'craslerius
1687 486 1795 511 Rutula

229 531 311 560 unica
334 531 472 559 Pediastri
487 531 595 569 species
619 537 675 566 est,
700 541 770 568 quae
793 541 856 558 cum
878 531 1005 569 Agardlii
1024 531 1218 569 descriptione
1234 531 1426 560 Micrasteriae
1444 532 1566 561 surcatae
1593 534 1688 572 aliquo
1709 534 1794 563 modo

228 582 386 620 comparari
403 588 507 620 potest,
521 582 569 610 sed
590 582 656 610 baec
669 581 808 610 Pediastri
824 582 931 620 species
947 582 1024 610 disco
1040 581 1145 621 gaudet
1160 581 1370 621 elegantissime
1384 588 1510 620 pertuso,
1525 595 1606 622 quam
1622 591 1794 614 structuram

225 631 393 672 Agar-dlium
428 633 586 671 neglexisse
616 633 705 671 magis
733 632 834 660 mirum
865 633 933 661 mihi
965 632 1126 667 videretur,
1154 643 1236 670 quam
1265 633 1340 670 quod
1359 633 1510 662 incisuram
1531 636 1650 663 mediam
1668 636 1794 665 Euastris

225 683 382 722 propriam,
406 683 435 712 in
450 687 483 711 E.
499 687 576 711 Rota
591 683 631 711 E.'
648 685 790 719 (Mic-rost.
812 688 987 711 denticulata
1010 682 1110 719 Breb.)
1137 689 1165 711 et
1186 683 1315 712 affinibus
1334 684 1465 722 profecto
1488 685 1580 714 minus
1602 687 1794 725 conspicuam,

227 744 286 762 non
306 734 510 763 observaverit.
538 734 688 773 Agardhus
704 745 793 773 porro
809 735 954 762 materiam
971 734 1089 762 viridem
1109 745 1160 772 per
1175 734 1308 763 frondem
1324 735 1517 764 Micrasteriae
1538 736 1660 765 surcatae
1683 742 1794 773 disper-

229 797 293 813 sam
310 796 369 813 esse
387 785 547 820 contendit,
563 785 782 814 dumPediastra
799 786 901 814 fronde
917 796 931 813 e
951 785 1059 813 cellulis
1076 785 1296 814 distinctissimis
1317 786 1473 824 composita
1494 787 1626 826 gaudent.
1643 788 1731 824 Quod
1746 789 1795 817 de-

226 836 313 874 nique
328 836 361 864 ad
377 836 441 864 alias
457 836 565 875 species
581 836 614 864 ad
632 836 822 865 Micrasteriae
838 847 927 876 genus
943 836 976 864 ab
992 836 1046 864 hoc
1061 842 1178 865 auctore
1192 837 1324 865 adductas
1339 837 1451 873 attinet,
1467 838 1620 866 notandum
1638 844 1688 874 est,
1709 842 1795 867 Rieu-

228 891 334 915 Iariam
349 889 577 924 ricciaesormem
591 887 619 915 in
634 890 717 922 Engl.
733 889 801 915 Bar.
819 887 923 915 nullam
940 887 1084 923 exsistere,
1103 891 1277 916 Echinellom
1291 898 1360 916 vero
1382 891 1610 925 ricciaesormem
1625 890 1679 928 Ag.
1695 900 1796 918 secun-

226 938 292 966 dum
309 944 454 966 auctorem
471 939 561 976 ipsum
573 933 620 976 (²)
636 941 799 966 Ecln'nellae
814 942 950 966 radiosae
964 938 1078 978 Lyngb.
1099 949 1283 978 synonymon
1307 949 1376 968 esse.
1422 939 1500 968 Haec
1520 940 1554 968 E.
1570 940 1680 968 radiosa
1694 951 1795 969 secun-

226 989 291 1017 dum
310 989 422 1017 iconem
438 989 466 1017 in
487 989 760 1029 Hydropliytologia
775 989 883 1018 Danica
907 984 1131 1026 exhibitam(³),
1157 990 1256 1018 rudem
1278 990 1391 1028 quidem
1413 996 1441 1019 et
1455 996 1534 1019 certo
1557 990 1722 1026 inexactam,
1741 991 1796 1020 Pe-

226 1040 322 1068 diastri
335 1040 444 1078 species
458 1040 584 1075 minime,
612 1040 725 1068 Euastri
740 1051 808 1068 vero
825 1040 905 1068 facile
920 1040 1016 1068 haberi
1033 1035 1190 1079 potest(³).
1231 1040 1313 1076 Quae
1329 1052 1413 1079 quum
1430 1041 1467 1070 ita
1484 1041 1541 1070 sint
1556 1036 1745 1081 Meyenio(⁵)
1768 1048 1795 1071 et

225 1091 413 1130 Menegliinio
424 1086 471 1128 (ὁ)
487 1091 628 1126 adsentio,
655 1091 703 1129 qui
717 1094 931 1119 Micrasteriam
951 1091 1078 1131 Agardbi
1099 1103 1162 1120 cum
1177 1095 1303 1120 Enastro
1319 1091 1511 1132 Elirenbergii
1526 1093 1682 1121 convenire
1696 1099 1797 1131 putant

225 1147 254 1170 et
269 1142 382 1180 quidem
399 1153 461 1170 cum
478 1152 509 1170 ea
522 1142 660 1177 sectione,
689 1153 770 1180 quam
787 1142 864 1170 Ralss
887 1141 978 1179 (Ann.
995 1142 1029 1170 of
1040 1148 1096 1170 nat.
1113 1143 1176 1171 hist.
1198 1143 1278 1177 134ιἰ;
1304 1143 1377 1171 Brit.
1392 1144 1489 1172 Desm.
1508 1145 1589 1181 18ιῖ8)
1619 1150 1646 1172 et
1668 1144 1797 1184 Ki'itzing

224 1193 290 1231 (Sp.
305 1193 372 1232 Alg.
396 1199 425 1221 18
436 1195 477 1228 ὶ9)
494 1193 686 1221 Micrasteriae
702 1193 819 1222 nomine
834 1204 848 1220 a
863 1193 978 1232 reliquis
993 1193 1120 1222 Euastris
1135 1200 1275 1233 separant.
1295 1194 1371 1223 Hinc
1387 1195 1487 1234 generi
1509 1194 1553 1223 hie
1576 1195 1723 1224 tractando
1741 1195 1796 1224 Pe-

225 1243 322 1272 diastri
350 1254 456 1272 nomen
484 1244 654 1272 servandum
670 1254 730 1273 esse
746 1255 849 1273 censeo
860 1238 916 1281 (⁷).

818 1318 977 1347 Generis
1006 1318 1198 1348 limitatio.

363 1380 501 1408 Pediastri
512 1390 602 1419 genus
618 1380 808 1420 Meyenius
825 1380 954 1408 condidit
971 1374 1105 1417 1329(⁸),
1120 1381 1166 1419 qui
1185 1381 1343 1419 specierum
1365 1381 1451 1410 trium
1472 1381 1656 1411 distinctione
1671 1388 1728 1410 tres
1743 1393 1795 1422 ge-

224 1430 300 1459 neris
326 1431 468 1459 sectiones
492 1431 679 1470 praesagivit,
705 1431 850 1460 Pediastra
877 1431 987 1459 scilicet
1014 1431 1123 1460 cellulis
1147 1432 1268 1471 integris
1296 1434 1349 1469 (P.
1370 1436 1493 1468 simplex
1520 1434 1652 1473 Meyen),
1689 1433 1797 1462 cellulis

224 1481 393 1521 simpliciter
412 1481 516 1510 bilobis
531 1485 578 1519 (P.
599 1487 705 1518 duplex
721 1483 840 1521 Meyen)
862 1488 890 1510 et
911 1481 1019 1510 cellulis
1040 1482 1152 1518 bilobis,
1168 1483 1240 1511 lobis
1260 1483 1362 1512 iterum
1382 1483 1535 1512 bidentatis
1554 1487 1602 1522 (P.
1621 1489 1797 1513 bz‘radiatum

223 1533 353 1572 Meyen).
383 1532 426 1561 Cl.
446 1533 538 1560 Kntz
552 1533 611 1572 ing
639 1533 667 1561 in
696 1533 813 1572 synopsi
833 1533 1048 1561 Diatomearum
1070 1539 1134 1562 1833
1154 1528 1287 1570 edita(⁹)
1314 1537 1515 1562 Micraslem'ae
1531 1536 1647 1564 nomine
1663 1546 1726 1564 cum
1741 1536 1795 1564 Pe-

224 1583 335 1611 diastris
366 1589 393 1611 et
421 1583 486 1611 alias
519 1583 675 1622 plantulas,
714 1594 785 1621 quae
813 1583 941 1611 stellulae
968 1584 1092 1622 ⁴speciem
1119 1585 1258 1622 quandam
1280 1595 1347 1623 prae
1369 1596 1398 1614 se
1425 1585 1529 1621 ferunt,
1557 1592 1700 1615 caeterum
1721 1587 1796 1615 inter

176 1666 180 1670 .
223 1644 253 1662 se
274 1634 493 1669 diversissimas,
528 1640 556 1662 et
587 1634 755 1673 corpuscula
787 1634 863 1663 varia
899 1634 1019 1662 omnino
1048 1634 1132 1663 dubia
1161 1641 1189 1664 et
1216 1636 1261 1664 vix
1289 1636 1452 1664 extricanda
1479 1637 1676 1674 commiscuit,
1709 1649 1795 1676 quum

299 1764 347 1806 (¹)
376 1769 459 1797 Kiitz.
481 1769 550 1808 Syn.
566 1769 642 1797 Diat.
657 1768 685 1796 in
705 1768 831 1797 Linnaea
848 1770 920 1797 VIII
935 1771 1036 1806 (1833)
1056 1782 1083 1808 p.
1098 1776 1160 1801 599.

299 1814 348 1857 (²)
381 1819 467 1848 Conf.
482 1821 537 1859 Ag.
552 1819 629 1859 Syst.
643 1819 709 1859 Alg.
726 1821 826 1856 (1822)
842 1831 868 1858 p.
894 1826 931 1849 15.

299 1865 348 1911 (³)
379 1872 450 1899 Icon
464 1871 492 1899 in
511 1870 622 1910 Lyngb.
638 1870 789 1909 Hydroph.
806 1871 879 1899 Dan.
905 1872 1006 1907 (¹819)
1020 1877 1040 1899 t.
1056 1874 1098 1902 69.
1115 1872 1148 1900 E.
1164 1882 1282 1900 massam
1298 1873 1372 1901 sistit
1385 1873 1591 1902 Desmidiaceis
1607 1874 1690 1902 variis
1704 1875 1796 1914 reple-

223 1927 289 1957 tam,
309 1928 423 1960 praeter
437 1921 613 1950 Echinellam
629 1922 769 1950 radiosum
784 1932 878 1951 veram
890 1921 957 1950 alias
970 1922 1073 1950 formas
1089 1923 1122 1950 ad
1139 1926 1298 1951 Euastrum
1312 1926 1429 1952 Didelta
1445 1930 1473 1952 et
1486 1927 1661 1953 Tetmemori
1672 1926 1796 1965 speciem

222 1979 384 2012 spectantes
399 1973 605 2001 continentem.

300 2018 347 2062 (⁴)
378 2024 510 2053 C1.Ralfs
526 2024 597 2052 Brit.
617 2024 714 2052 Desm.
731 2035 757 2062 p.
775 2028 807 2053 72
823 2023 998 2052 Echinellam
1014 2024 1154 2053 radiosam
1174 2024 1207 2053 ad
1221 2027 1436 2054 Micrasteriam
1449 2030 1598 2054 radiosum
1612 2038 1689 2055 suam
1705 2029 1797 2065 (Eua-

223 2082 316 2102 slrum
328 2078 380 2103 Sol
396 2075 538 2112 Ehrenb.)
553 2075 629 2103 citat.

301 2120 348 2162 (⁵)
377 2127 508 2166 Wiegm.
529 2126 615 2154 Arch.
639 2131 715 2154 1835.
731 2136 758 2164 p.
776 2125 836 2155 247.
1074 2161 1075 2164 Ἴ

302 2171 349 2213 (⁶)
378 2177 447 2215 syn.
467 2178 564 2205 Desm.
586 2177 613 2205 in
629 2176 754 2205 Linnaea
769 2177 848 2204 XIV.
865 2175 964 2213 (1st)
981 2187 1008 2215 p.
1025 2183 1086 2205 215.

301 2221 348 2264 (⁷)
378 2227 495 2266 Opinio⁷
515 2239 597 2266 quam
614 2238 697 2266 supra
712 2228 746 2256 de
760 2230 961 2255 Micrasteriae
977 2238 1084 2267 genere
1100 2227 1285 2267 Agardhiano
1300 2229 1434 2265 sustinui,
1448 2229 1532 2269 plane
1548 2230 1733 2259 confirmatur
1750 2231 1794 2260 lit-

226 2278 295 2307 teris
311 2279 473 2316 nuperrime
488 2279 521 2307 ab
536 2278 674 2319 Agardho
689 2278 747 2306 filio
764 2279 897 2317 acceptis,
921 2289 987 2316 quas
1004 2279 1032 2306 in
1047 2279 1183 2307 addendis
1199 2278 1325 2308 afferam.

303 2323 350 2366 (Β)
378 2329 443 2357 Act.
458 2335 514 2357 nat.
531 2341 589 2358 cur.
605 2330 685 2358 XIV.
702 2330 739 2358 II.
757 2329 858 2368 (¹829)
879 2340 906 2367 p.
923 2334 983 2359 772.

302 2374 349 2417 (⁹)
377 2380 503 2408 Linnaea
521 2381 602 2409 VIII.
620 2382 720 2417 (1833)
740 2392 767 2420 p.
783 2386 844 2412 599.
862 2381 1075 2409 Enumerantur
1093 2380 1132 2409 ibi
1153 2381 1261 2419 species
1280 2385 1321 2416 19,
1341 2391 1461 2419 quorum
1481 2384 1496 2409 6
1516 2382 1550 2410 ad
1563 2385 1758 2421 Pediastrum,
1779 2391 1794 2414 2

226 2431 259 2459 ad
274 2435 433 2459 Euoslrum
449 2432 701 2468 (Mirr-asteriam),
729 2437 744 2460 3
766 2432 799 2460 ad
814 2435 1017 2468 Phycastrum,
1048 2440 1055 2460 1
1075 2432 1109 2460 ad
1123 2434 1365 2467 Staurogeniam,
1391 2439 1402 2459 1
1427 2432 1459 2460 ad
1474 2435 1709 2472 Sphaerastrum‚
1734 2444 1744 2465 1
1762 2436 1795 2466 ad

227 2485 398 2519 Conservam
409 2485 423 2510 ,Ρ
435 2483 624 2520 (Eclzinellam
639 2483 769 2522 Harvey)
784 2483 939 2522 pertinent,
958 2488 972 2512 5
993 2483 1116 2522 denique
1135 2482 1302 2522 corpuscula
1316 2481 1563 2513 indeterminanda
1575 2484 1687 2514 sistunt.

1523 2541 1542 2577 I
