2225 3020
1186 214 1233 249 40

428 316 520 352 fecta
539 315 728 365 ss—ffomm‘g
763 315 905 349 iuniora
923 313 1131 363 graciliora(
1140 315 1193 361 ¹),
1222 315 1342 352 adulta
1361 319 1470 366 magis
1490 319 1615 362 etiam,
1646 331 1754 368 quam
1780 320 1815 354 in
1843 319 1992 368 reliquis

426 379 626 429 speciebus,
658 379 942 421 intumescentia,
972 377 1067 413 ultra
1088 377 1271 414 dimidiam
1298 379 1532 430 longitudinis
1551 389 1690 431 partem
1710 382 1899 429 crassa(²).
1919 382 1992 433 Cy-

424 441 624 490 tioplasma,
648 441 685 476 id
705 440 806 490 quod
825 443 861 476 in
888 440 987 476 nulla
1007 443 1126 491 specie
1145 449 1288 491 praeter
1306 442 1397 479 hanc
1418 445 1617 488 observavi,
1642 447 1678 480 in
1698 453 1791 481 statu
1810 445 1992 496 plantulae

424 506 644 554 provectiori
671 504 882 540 normaliter
904 518 923 540 a
942 504 1202 555 cytiodermate
1230 514 1411 542 remotum
1432 509 1632 554 (interiecta
1653 508 1805 558 gelatina
1824 508 1988 555 fluida2>)‚

423 576 605 604 caeterum
624 571 761 605 intense
780 568 906 613 viride,
931 582 1040 618 quam
1058 570 1093 604 in
1113 568 1409 606 antecedentibus
1427 573 1536 620 magis
1564 571 1808 620 granulosum,
1840 573 1992 623 globulo

423 640 503 667 ante
524 632 736 668 divisionem
755 635 865 667 unico
892 632 1054 676 centrali,
1086 645 1350 682 nonnunquam
1369 636 1621 684 inconspicuO,
1648 634 1822 672 divisione
1841 639 1992 672 instante

423 695 728 746 duplicatum(³).
768 696 964 731 Divisionis
984 709 1173 745 processus
1192 698 1250 732 vix
1277 704 1357 732 ante
1378 697 1533 734 cellulae
1558 700 1821 734 incrementum
1847 700 1991 735 absolu-

421 768 498 795 tum
517 761 653 809 incipit,
677 767 861 810 praeterea
880 767 919 794 ut
945 762 982 794 in
1003 759 1070 794 Ch.
1092 759 1249 795 Sieboldt
1261 760 1440 810 procedit.
1494 761 1731 812 Cytioderma
1758 765 1891 798 vertice
1911 776 1991 798 cor-

422 823 576 873 pusculo
596 823 776 873 singulari,
804 822 888 858 inde
908 836 926 858 a
953 825 1068 872 prima
1087 825 1272 860 iuventute
1294 827 1507 874 conspicuo,
1530 825 1691 875 hyalino,
1716 825 1915 862 disciformi
1933 827 1991 863 vel

421 887 617 923 lentiformi
638 888 863 922 obturatum.
903 886 1129 936 Zoogonidia
1149 887 1293 923 evoluta
1313 896 1348 923 et
1367 890 1492 938 agitata
1511 901 1586 924 non
1603 888 1689 933 vidi,
1712 889 1788 934 sed,
1812 898 1988 939 quantum

421 964 440 987 e
459 951 714 1001 speciminibus
733 949 1014 1001 cytioplasmatis
1034 950 1221 995 divisione,
1247 965 1339 1001 quae
1358 952 1521 1002 perfecta
1540 965 1615 988 esse
1631 952 1833 998 videbatur,
1857 956 1987 989 instru-

420 1017 484 1050 ctis
503 1016 675 1064 suspicari
694 1014 790 1058 licet,
813 1027 1005 1049 numerum
1025 1014 1251 1058 eorumdem,
1274 1023 1315 1050 ut
1333 1017 1369 1050 in
1390 1016 1456 1051 Clz.
1479 1016 1634 1051 Sieboldi
1647 1024 1681 1052 et
1705 1016 1863 1067 Nd'gelii,
1886 1016 1991 1053 valde

419 1078 625 1115 variabilem
645 1089 719 1112 esse
745 1084 849 1126 puto.
897 1077 1021 1113 Semel
1040 1080 1075 1113 in
1094 1080 1291 1128 specimine
1318 1078 1443 1114 adulto
1464 1087 1633 1115 contenta
1652 1082 1688 1115 in
1707 1093 1841 1130 corpus
1862 1081 1989 1131 globo-

419 1156 496 1178 sum
516 1149 551 1176 et
569 1147 810 1189 compactum,
829 1141 891 1177 sed
911 1142 1119 1177 membrana
1136 1144 1283 1191 propria
1310 1141 1533 1187 destitutum,
1557 1151 1740 1179 contracta
1758 1144 1844 1179 vidi.
1883 1144 1989 1180 Plan-

418 1205 513 1242 tulae
533 1204 676 1240 adultae
694 1203 764 1238 filis
783 1205 998 1240 tenuissimis
1018 1213 1053 1240 et
1071 1206 1287 1241 brevissimis
1308 1208 1573 1256 (parasiticis'2‘),
1598 1206 1760 1242 ciliarum
1780 1209 1899 1252 instar,
1924 1209 1988 1243 ob-

417 1272 501 1305 sitae
520 1281 626 1318 saepe
646 1268 896 1303 observantur.

992 1324 1202 1364 Explicatio
1222 1325 1290 1354 tab.
1311 1326 1363 1354 111.
1383 1326 1417 1354 E.

545 1383 568 1404 1.
597 1375 750 1414 Specimen
770 1374 902 1404 iuvenile.

542 1427 636 1455 2—4.
666 1426 830 1465 Specimina
855 1432 947 1455 aetate
970 1426 1162 1465 provectiora,
1191 1427 1406 1466 cytioplasmate
1428 1427 1556 1456 nondum
1577 1428 1685 1464 diviso,
1705 1428 1826 1469 globulo
1845 1429 1942 1467 unico,
1959 1431 1988 1459 in

416 1479 433 1507 f.
448 1484 463 1507 3
484 1488 542 1506 non
558 1478 725 1516 conspicuo.

541 1535 566 1558 5.
595 1528 748 1567 Specimen
763 1527 887 1567 globulis
906 1528 990 1564 binis,
1010 1528 1179 1557 divisionem
1201 1528 1423 1568 cytioplasmatis
1444 1529 1598 1559 instantem
1618 1530 1818 1559 indicantibus.

542 1582 566 1608 6.
595 1580 748 1618 Specimen
769 1578 983 1618 cytioplasmate
1003 1579 1230 1608 transversaliter
1248 1579 1404 1619 bipartito,
1429 1586 1508 1618 parte
1535 1581 1684 1619 superiore
1708 1581 1810 1609 iterum
1839 1582 1867 1610 in
1894 1588 1987 1622 partes

415 1632 481 1660 duas
501 1632 705 1669 superpositas,
733 1630 853 1670 globulo
873 1631 958 1658 unico
987 1630 1138 1659 instructas
1166 1630 1266 1666 divisa,
1293 1636 1374 1670 parte
1398 1631 1536 1660 inferiore
1562 1631 1687 1671 globulis
1714 1631 1788 1660 binis
1816 1632 1985 1662 divisionem

415 1683 572 1723 proximam
593 1681 784 1710 indicantibus
800 1681 946 1710 instructa.

543 1739 565 1763 7.
594 1733 748 1771 Specimen
771 1732 988 1772 cytioplasmate
1011 1732 1238 1761 transversaliter
1257 1732 1474 1772 quadripartito,
1494 1733 1600 1762 duabus
1621 1734 1748 1773 partibus
1768 1734 1867 1763 mediis
1889 1735 1986 1765 denuo

414 1784 662 1825 longitudinaliter
681 1784 785 1812 divisis.

540 1842 563 1865 S.
593 1835 745 1873 Specimen
766 1834 982 1874 cytioplasmate
1001 1833 1189 1862 divisionibus
1209 1833 1338 1873 repetitis
1358 1833 1559 1873 multipartito.

538 1892 563 1918 9.
591 1886 658 1914 Pars
677 1886 840 1924 speciminis
854 1885 963 1913 mediae
982 1886 1081 1913 aetatis
1099 1884 1232 1923 superior
1251 1885 1340 1925 magis
1364 1891 1464 1921 aucta,
1491 1891 1522 1914 ut
1545 1885 1720 1926 cytioderma
1747 1893 1775 1916 et
1800 1887 1985 1926 cytioplasma

412 1938 446 1966 ab
465 1937 565 1966 eodem
585 1942 726 1965 remotum
747 1936 948 1975 conspiciatur.

614 1988 737 2027 Figurae
761 1994 840 2016 1—s
861 1986 1052 2026 proportione
1071 1980 1126 2031 5-‘5'9
1145 1992 1253 2015 auctae.

541 2105 575 2140 6.
609 2103 677 2139 Ch.
697 2104 915 2154 pyrg'forme.
954 2102 1102 2139 Cellula
1121 2102 1269 2148 clavata,
1293 2103 1503 2154 pyriformis
1521 2104 1579 2140 vel
1611 2105 1776 2149 obovata,
1806 2108 1907 2156 apice
1926 2120 1984 2143 ro-

412 2168 572 2212 tundata,
594 2168 670 2203 basi
688 2169 725 2202 in
743 2169 901 2217 stipitem
920 2169 1051 2202 sensim
1071 2174 1270 2211 attenuataj,
1302 2169 1411 2217 stipes
1436 2170 1670 2212 tenerrimus,
1699 2168 1853 2206 cellulae
1879 2170 1982 2206 dimi-

414 2232 491 2268 diae
511 2234 652 2267 circiter
671 2230 909 2281 longitudine,
932 2231 1008 2266 basi
1027 2232 1062 2266 in
1083 2229 1262 2265 disculum
1282 2233 1460 2267 minutum
1480 2239 1515 2267 et
1533 2232 1822 2277 crassiusculum,
1850 2234 1980 2270 subco-

414 2295 566 2331 loratun]
604 2308 803 2345 expansus,
839 2294 1075 2345 cytioplasma
1100 2294 1353 2344 granulosum,
1388 2294 1540 2344 globulo
1565 2297 1691 2330 maiori
1719 2309 1980 2347 nonnunquam

413 2362 610 2409 conspicuo
634 2386 641 2394 .
667 2386 675 2394 .
700 2386 708 2394 .
741 2357 996 2408 (zoogonidia'ss
1018 2385 1026 2393 .
1051 2385 1060 2393 .
1085 2385 1093 2393 .
1115 2371 1182 2408 per
1200 2360 1340 2407 apicem
1355 2358 1508 2394 cellulae
1529 2361 1807 2409 erumpentia‘R).

490 2474 538 2515 (¹)
566 2476 637 2505 Tab.
653 2477 706 2507 111.
726 2477 760 2506 Ε.
783 2483 867 2506 1—3.
922 2471 1058 2514 (²)1bid.
1078 2476 1162 2505 ll-S,
1215 2470 1264 2513 (³)
1283 2475 1302 2505 s.
1318 2483 1342 2506 5.
