2225 3020
1170 225 1217 260 46

413 329 724 380 Zoogonidiorum
751 326 1007 361 formationem
1035 333 1070 361 et
1094 325 1340 361 evolutionem
1360 327 1552 361 observare
1578 338 1652 361 non
1678 325 1791 368 licuit,
1823 324 1887 359 sed
1912 338 1978 360 nu-

414 407 552 430 merum
585 404 711 427 eorum
746 403 897 440 parvum
933 402 1010 425 esse
1044 396 1196 439 propter
1222 389 1503 438 magnitudinem
1531 388 1716 425 relativam
1736 387 1981 438 plantularum

415 455 622 492 iuvenilium
635 456 812 504 suspicor.
849 452 1011 489 Cellulas
1031 452 1141 488 dorso
1160 459 1282 501 ruptas
1302 460 1337 487 et
1354 465 1483 489 vacuas
1502 465 1577 487 non
1596 465 1678 487 raro
1696 451 1779 488 vidi.

973 522 1050 560 Exp
1063 521 1195 550 licatio
1214 520 1286 549 tab.
1300 521 1352 549 111.
1371 522 1408 550 D.

568 583 590 603 1.
619 574 772 613 Specimen
792 573 926 602 iuvenile.

566 628 649 654 2—6.
678 624 842 664 Specimina
860 629 951 652 aetate
970 623 1162 662 provectiora.

567 682 589 707 Τ.
619 675 729 705 Cellula
749 686 844 711 vacua⁷
864 675 950 703 dorso
965 679 1070 712 aperta.

977 719 1038 769 'EF-⁰

621 727 744 767 Figurae
763 726 954 765 proportione
1057 729 1164 752 auctae.

545 861 603 896 12.
642 859 708 895 Ch.
738 864 922 894 mimulam.
977 857 1121 894 Cellula
1151 865 1287 901 erecta,
1322 857 1552 900 subcurvata,
1588 856 1738 906 oblique
1769 855 1980 899 lanceolata,

415 924 634 960 acutiuscula
652 923 710 959 vel
728 924 764 957 in
783 935 934 957 acumen
949 922 1059 957 breve
1075 920 1337 969 subobliquum
1356 920 1541 970 hyalinum
1557 927 1756 970 protractass,
1779 921 1888 969 stipes
1902 920 1984 954 bre-

415 990 478 1032 vis,
502 989 576 1023 basi
589 1000 662 1022 non
678 985 863 1029 dilatatus;
886 984 1122 1035 cytioplasma
1140 984 1407 1033 homogeneum
1424 983 1480 1019 vel
1496 983 1651 1033 granulis
1666 982 1851 1017 nonnullis
1866 982 1983 1028 (oleo-

416 1054 461 1087 sis
471 1054 504 1095 ⁴.»
526 1058 682 1093 auctum,
706 1062 981 1098 nonnumquam
1001 1048 1226 1091 lacunosum,
1251 1047 1396 1082 demum
1416 1049 1451 1082 in
1470 1055 1590 1097 partes
1610 1047 1705 1081 2-4
1727 1046 1877 1095 oblique
1897 1045 1984 1081 divi-

416 1129 514 1159 sumj,
536 1112 750 1163 zoogonldia
769 1114 920 1162 pauca‘:',
940 1111 1135 1147 lateraliter
1154 1113 1379 1159 erumpentia
1389 1112 1405 1145 ¹?

569 1174 615 1198 (512,
635 1174 775 1197 minutum
795 1168 831 1196 A.
853 1169 898 1196 ΒΓ.
919 1168 947 1196 in
968 1168 1008 1196 lit.
1030 1168 1114 1201 1s48;
1133 1167 1217 1195 KiitZ.
1238 1167 1288 1205 Sp.
1308 1166 1375 1206 Alg.
1395 1165 1495 1203 (1849)
1514 1165 1576 1193 add.
1596 1176 1623 1204 p.
1643 1170 1704 1197 992.

555 1228 700 1263 Habitat
733 1227 899 1276 Friburgi
927 1226 1132 1274 Brisgoviae
1159 1227 1195 1260 iu
1227 1224 1388 1259 fontibus
1418 1224 1633 1258 suburbanis
1660 1224 1816 1272 gregarie
1849 1222 1894 1258 ad
1925 1222 1986 1258 fila

417 1291 621 1342 Oedogonic'
639 1292 854 1338 fonticolae,
873 1303 939 1325 nec
958 1302 1033 1324 non
1053 1289 1251 1324 Melosirae
1272 1292 1460 1331 variantis,
1490 1289 1526 1322 iu
1546 1288 1729 1322 consortio
1752 1286 1985 1333 Gomphone-

417 1362 523 1391 malis
556 1357 676 1390 tenelli
706 1362 741 1389 et
773 1353 1009 1388 Aclznmztlzis
1048 1357 1321 1391 minutissimae,
1360 1363 1481 1385 avere
1511 1348 1554 1384 ad
1583 1356 1795 1383 autumnum
1820 1355 1988 1397 vegetans

416 1420 561 1465 (1848).
600 1417 762 1453 Eandem
789 1419 947 1467 speciem
975 1415 1137 1452 Berolini
1164 1417 1198 1450 in
1224 1415 1332 1449 horto
1364 1414 1533 1448 botanico
1564 1413 1769 1453 observavi,
1802 1411 1988 1446 Char-acio

416 1477 539 1506 stricto
566 1471 601 1504 in
620 1469 689 1504 filis
719 1468 979 1517 Cladoplzorae
1001 1471 1149 1512 fractae
1167 1478 1274 1515 parce
1298 1466 1536 1499 intermixtam
1558 1463 1712 1509 (1854),
1740 1462 1893 1497 formam
1913 1475 1987 1497 ma-

417 1537 530 1570 iorem
552 1532 661 1577 (forte
679 1534 837 1582 speciem
857 1532 1073 1580 propriam),
1097 1529 1229 1564 cellula
1249 1530 1357 1577 magis
1377 1529 1577 1563 acuminata
1597 1533 1631 1561 et
1650 1527 1769 1575 stipite
1789 1526 1864 1560 basi
1879 1527 1988 1575 magis

419 1598 566 1634 dilatato
586 1595 630 1631 ad
650 1602 861 1645 sequentem
882 1596 1039 1643 speciem
1066 1592 1311 1635 accedentem,
1335 1591 1379 1626 ad
1402 1590 1545 1625 ‚stloahtt
1563 1591 1598 1624 in
1627 1591 1811 1623 consortio
1838 1588 1987 1625 Chara-

418 1667 460 1697 cii
487 1659 776 1706 ornilhocepliali
794 1657 1017 1707 Oedogoniis
1036 1656 1251 1691 insidentem
1271 1667 1392 1690 mense
1412 1654 1566 1702 Augusti
1588 1653 1678 1687 1851
1701 1651 1787 1688 vidi.

546 1723 605 1760 Cl.
629 1723 825 1771 Ki'itzing
852 1721 876 1756 l.
900 1734 932 1756 c.
961 1720 1070 1755 dubia
1099 1719 1144 1755 de
1169 1719 1235 1754 hac
1255 1720 1374 1768 specie
1399 1720 1529 1761 movit,
1561 1715 1768 1765 Oedogonii
1791 1715 1990 1765 primordia

419 1791 541 1824 sistere
554 1788 769 1836 suspicatus,
784 1793 817 1820 at
827 1784 1030 1833 Oedogonii
1035 1784 1254 1835 fonticolae,
1265 1780 1545 1817 cuiCharacium
1560 1787 1723 1814 nostrum
1738 1778 1875 1820 insidet,
1888 1779 1989 1828 plan-

419 1852 543 1887 tulaee
555 1849 778 1899 zoogonidiis
794 1848 1018 1898 pullulantes
1026 1860 1108 1882 cum
1121 1845 1306 1880 Chat-acio
1316 1850 1451 1879 minuto
1466 1851 1692 1892 comparatae
1704 1844 1884 1892 giganteae
1899 1850 1990 1885 sunt,

420 1928 485 1950 nec
499 1927 572 1949 non
592 1913 721 1956 forma,
745 1911 870 1947 colore
891 1919 926 1946 et
945 1918 1200 1962 contentorum
1220 1907 1360 1948 indole,
1389 1909 1599 1956 praesertim
1617 1919 1705 1942 vero
1726 1905 1824 1941 disco
1844 1905 1991 1941 radicali

418 1978 556 2015 radiato
577 1976 800 2025 Oedogouiis
821 1977 972 2025 proprio
994 1973 1265 2009 diversissimae.
1300 1970 1564 2020 Microgonidia
1584 1977 1619 2005 et
1638 1968 1881 2019 pauperculae
1906 1969 1990 2005 inde

421 2042 598 2078 derivatae
609 2043 645 2075 in
660 2039 878 2088 Oedogonio
890 2037 1064 2073 fonticola
1072 2037 1521 2083 nonobservantur,neque
1534 2033 1623 2068 aliae
1635 2032 1841 2082 Oedogonii
1850 2034 1989 2082 species

419 2106 503 2141 loco
525 2104 681 2140 indicato
703 2109 909 2138 occurrunt.
944 2101 1002 2136 De
1019 2108 1145 2136 natura
1162 2108 1356 2135 autonoma
1373 2097 1440 2134 Ch.
1456 2099 1582 2132 minuti
1598 2099 1704 2146 igitur
1718 2098 1863 2131 minime
1885 2095 1988 2131 dubi-

421 2169 582 2212 tandum,
606 2167 667 2202 sed
688 2167 781 2202 forte
801 2166 981 2215 subgenus
1000 2166 1202 2214 proprium,
1223 2161 1374 2212 gonidiis
1393 2161 1625 2211 paucioribus
1645 2159 1799 2209 simplici
1813 2161 1903 2195 serie
1919 2159 1988 2195 dis-

422 2234 548 2282 positis
558 2231 774 2271 distinctum,
789 2228 1017 2265 statuendum
1029 2236 1089 2263 est.
1105 2227 1298 2263 Caeterum
1316 2225 1382 2260 Ch.
1391 2230 1514 2259 stricto
1526 2226 1606 2259 satis
1617 2222 1740 2264 simile⁷
1750 2236 1768 2257 a
1781 2236 1855 2272 quo
1868 2222 1992 2258 differt

423 2304 553 2331 statura
568 2293 694 2344 paullo
714 2294 862 2334 minore,
881 2291 1015 2327 cellula
1034 2304 1178 2341 semper
1196 2289 1426 2338 subobliqua,
1445 2287 1662 2337 plerumque
1681 2287 1839 2322 breviter
1858 2288 1990 2322 acumi-

425 2367 516 2402 nata,
547 2371 613 2393 uec
633 2370 707 2392 non
726 2356 851 2391 colore
872 2355 996 2405 paullo
1016 2357 1124 2404 magis
1144 2356 1180 2389 in
1195 2352 1406 2388 coeruleum
1425 2358 1604 2400 vergente.
1621 2349 1827 2399 Specimina
1845 2352 1990 2385 minima

1665 2413 1673 2434 1

424 2430 510 2457 natu
528 2421 753 2471 ffimmlonga,
778 2420 944 2463 obovata‚
965 2419 1110 2461 obtusa;
1128 2416 1383 2467 perfectass—
1401 2416 1502 2465 5¹20m¹¹¹3
1522 2416 1634 2449 rarius
1654 2420 1735 2463 som·
1754 2413 1872 2463 longa,
1891 2413 1988 2463 ffi'm

426 2498 540 2520 crassa
560 2493 594 2520 et
613 2486 775 2520 acumine
794 2496 906 2533 parvo
925 2481 1072 2532 hyalino
1091 2480 1315 2529 subobliquo
1334 2480 1533 2514 terminata.
1590 2477 1710 2527 Stipes
1724 2477 1888 2528 hyalinus
1906 2477 1988 2512 bre-
