2225 3020
971 202 1018 237 99

350 305 499 356 Species
518 306 679 339 omnium
698 306 902 348 tenerrima,
926 303 1123 354 pulchella,
1146 317 1231 354 prae
1252 304 1400 353 reliquis
1419 305 1633 341 cellularum
1652 320 1777 343 nume-

210 382 269 406 ros
294 369 481 406 inferiores
501 367 544 403 ad
565 368 742 403 coenobia
761 367 949 403 formanda
974 367 1141 416 diligens,
1170 370 1242 402 imo
1269 368 1363 402 haud
1390 382 1471 404 raro
1497 369 1638 405 cellulis
1656 370 1779 407 liberis

208 436 316 470 vitam
336 433 529 468 solitariam
549 431 695 480 (legens,
742 431 873 466 Forma
901 430 1114 466 cellularum
1137 430 1336 466 secuudum
1358 435 1512 480 ipsarum
1533 447 1725 469 numerum
1745 442 1780 470 et

209 496 505 544 conjunctionem
528 497 656 530 mirum
672 497 707 530 in
723 494 873 529 modum
889 497 1012 530 variat.
1044 494 1187 530 Cellula
1203 495 1385 529 eremobia
1400 497 1453 540 (¹)
1471 499 1590 546 primo
1606 498 1779 547 adspectu

208 560 388 596 stellulam
409 559 483 595 fere
503 559 717 608 regularem,
745 559 944 608 aequaliter
964 557 1299 607 quinqueradiatam
1320 559 1442 593 sistere
1462 559 1615 604 videtur,
1639 561 1702 596 sed
1721 574 1776 597 re-

206 636 290 660 vera
309 625 536 673 synunetrica
557 622 836 672 (zygomorpha)
858 630 921 666 est,
948 624 1101 657 incisura
1121 621 1257 656 scilicet
1279 634 1349 656 una
1368 621 1517 671 reliquis
1538 624 1777 672 profundiore

207 694 254 731 et,
282 686 389 722 radiis
409 686 655 735 adjacentibus
674 688 781 735 magis
801 687 1071 736 approximatis,
1103 687 1219 719 sinum
1240 687 1481 734 angustiorem
1501 686 1690 732 formante,
1720 702 1775 724 ra-

207 750 343 800 dioque
363 763 436 785 uno
456 751 539 785 huic
557 751 649 784 sinui
668 752 840 799 opposito
860 749 1007 798 reliquis
1035 749 1159 798 paullo
1183 749 1359 789 breviore,
1387 751 1433 784 ita
1453 757 1493 784 ut
1515 751 1645 786 cellula
1665 754 1775 801 partis

207 816 343 849 amicae
363 816 442 849 sinu
469 815 607 849 excisae
628 821 663 848 et
681 815 840 863 posticae
865 813 1075 862 simpliciter
1099 814 1319 848 acuminatae
1346 812 1587 848 differentiam
1612 815 1777 851 exhibeat

206 886 242 914 et
265 877 359 913 linea
386 876 638 926 longitudinali
665 879 700 912 in
726 885 844 927 partes
871 876 957 911 duas
982 876 1186 912 consimiles
1212 876 1411 920 dividatur,
1444 890 1597 927 quarum
1621 886 1775 928 utraque

205 944 242 977 in
260 941 387 977 lobum
406 940 673 991 bicuspidatum
695 940 920 976 extendatur.
960 940 1165 990 Specimina
1184 940 1433 975 unicellularia
1452 949 1632 976 caeterum
1654 943 1776 991 quoad

203 1005 358 1040 formam
377 1004 531 1039 cellulae
550 1017 623 1039 non
644 1006 761 1039 minus
780 1007 926 1047 variant,
960 1018 1067 1053 quam
1094 1003 1401 1047 multicellularia3
1434 1018 1526 1053 quae
1547 1004 1590 1039 ad
1609 1007 1774 1041 variatio-

203 1081 287 1104 nem
311 1075 523 1103 truncatam
550 1071 743 1117 pertinent,
775 1068 914 1103 stellam
942 1076 1180 1117 pentagonam
1201 1069 1328 1102 sistunt
1353 1069 1446 1102 inter
1470 1068 1631 1118 angulos,
1663 1069 1774 1106 latere

204 1134 384 1167 anteriore
404 1139 570 1182 excepto,
593 1134 651 1167 vix
671 1134 822 1167 excisam
840 1132 897 1168 vel
918 1134 1066 1166 omnino
1086 1131 1321 1166 rectilineam.
1365 1131 1518 1167 Cellulis
1537 1134 1774 1181 speciminum

203 1195 468 1231 bicellularium
486 1195 541 1241 (²)
563 1196 653 1230 basis
673 1197 708 1230 in
728 1209 879 1231 acumen
899 1195 1077 1245 producta
1097 1198 1245 1230 omnino
1266 1194 1378 1239 deest,
1410 1208 1493 1230 cum
1518 1209 1620 1231 secus
1640 1196 1772 1233 diame-

202 1268 299 1294 trum
326 1260 494 1294 coenobii
520 1259 612 1294 linea
637 1266 733 1294 recta
759 1258 975 1307 conjunctae
999 1261 1081 1294 sint.
1135 1258 1285 1293 Restant
1316 1260 1422 1307 igitur
1454 1267 1610 1308 quatuor
1634 1268 1773 1296 tantum

203 1325 392 1372 utriusque
420 1322 572 1357 cellulae
601 1322 691 1357 radii
716 1324 740 1358 i.
760 1335 792 1357 e.
822 1323 899 1357 lobi
925 1321 999 1357 duo
1026 1324 1063 1357 in
1087 1321 1255 1371 cuspides
1280 1322 1380 1357 binas
1408 1321 1594 1371 producti,
1626 1324 1773 1360 alteram

202 1394 369 1430 erectam,
402 1385 549 1421 alteram
569 1385 843 1420 horizontaliter
861 1385 1035 1435 patulam.
1082 1385 1214 1420 Forma
1236 1385 1389 1420 cellulae
1408 1385 1567 1435 singulae
1587 1387 1773 1436 (neglectis

201 1451 379 1493 incisuris)
412 1448 638 1498 triangularis
666 1456 731 1484 est.
791 1449 834 1483 In
863 1449 1119 1498 speciminibus
1150 1448 1514 1497 quadricellularibus
1530 1449 1586 1496 (³)
1620 1451 1772 1487 cellulae

201 1515 385 1550 cruciatim
406 1512 622 1560 conjunctae
642 1510 858 1560 quadrantes
878 1513 1046 1546 coenobii
1072 1519 1193 1546 exacte
1215 1511 1380 1561 quadrati
1405 1514 1544 1554 sistunt,
1575 1515 1672 1563 ipsae
1697 1515 1770 1550 for-

201 1590 295 1612 mam
316 1575 526 1625 quadratam
546 1574 750 1610 induentes.
797 1574 894 1609 Basis
922 1577 1029 1624 igitur
1053 1574 1205 1610 cellulae
1230 1576 1478 1625 rectangulum
1503 1576 1653 1620 format,
1686 1578 1772 1614 dum

201 1653 283 1692 pars
303 1641 461 1675 anterior
479 1640 632 1673 incisura
652 1645 797 1687 angusta
823 1637 866 1673 ad
891 1637 1050 1673 medium
1076 1640 1218 1673 circiter
1242 1640 1294 1682 (in
1318 1638 1433 1674 forma
1458 1648 1630 1676 trancala
1655 1644 1771 1678 minus

201 1703 402 1755 profunde)
423 1704 458 1738 in
479 1702 584 1737 lobos
604 1701 696 1736 duos
716 1701 903 1746 dividitur,
935 1710 996 1737 aut
1015 1702 1166 1751 oblique
1185 1709 1386 1746 truncatos,
1419 1711 1479 1738 aut
1502 1703 1584 1753 plus
1609 1707 1770 1742 minusve

202 1769 339 1804 excisos
364 1765 523 1815 indeque
547 1764 806 1815 bicuspidatOS.
853 1765 894 1800 In
923 1766 1109 1800 coenobiis
1135 1765 1292 1814 denique
1317 1779 1336 1801 e
1363 1766 1503 1801 cellulis
1527 1768 1548 1802 8
1566 1767 1619 1813 (4)
1644 1769 1702 1804 vel
1725 1770 1769 1804 16

202 1833 411 1881 compositis
438 1829 591 1865 cellulae
618 1828 707 1863 radii
734 1828 886 1863 formam
913 1828 1047 1864 habent
1074 1829 1142 1864 late
1168 1837 1372 1872 cuneatam‚
1404 1830 1495 1873 basi,
1532 1831 1595 1866 ubi
1621 1832 1769 1868 cellulas

202 1894 290 1931 disci
310 1901 477 1943 tangunt,
509 1900 727 1936 truncatam,
759 1894 874 1927 antice
893 1894 1046 1928 incisura
1066 1892 1182 1928 media
1202 1895 1236 1928 in
1258 1893 1363 1928 lobos
1383 1896 1620 1942 angustiore5‚
1652 1904 1767 1932 caete-

201 1972 281 1994 rum
299 1965 339 1993 ut
358 1960 393 1992 in
413 1957 553 1992 cellulis
572 1955 751 1991 tetradum
770 1963 954 1991 truncatos
976 1956 1030 1992 vel
1052 1958 1200 2000 excisos,
1233 1956 1393 1992 divisam.
1442 1957 1607 1994 Cellulae
1628 1959 1714 1995 disci
1732 1962 1768 1995 in

202 2022 255 2058 his
274 2021 529 2071 speciminibus
551 2027 754 2069 praesentes
773 2021 872 2055 vario
892 2019 1003 2055 modo
1031 2020 1216 2069 angulatae
1243 2028 1341 2064 sunt,
1373 2022 1488 2056 antice
1516 2021 1587 2064 (vel
1614 2022 1767 2059 cellulae

202 2088 271 2122 situ
290 2085 453 2119 abnormi
478 2096 740 2133 nonnunquam
765 2083 974 2126 lateraliter,
1006 2085 1078 2118 imo
1104 2086 1258 2134 postice)
1286 2086 1439 2119 incisura
1465 2087 1708 2134 angustissima
1731 2089 1767 2122 in

201 2149 309 2184 lobos
328 2150 484 2197 integros
504 2155 536 2183 et
557 2149 744 2196 contiguos
765 2146 909 2182 divisae.
957 2147 1088 2182 Discus
1107 2154 1288 2182 caeterum
1308 2161 1451 2198 semper
1469 2150 1673 2193 continuus,
1700 2163 1767 2186 nec

200 2225 362 2262 unquam
383 2211 573 2246 lacunosus
592 2219 656 2247 est.
705 2211 914 2246 Membrana
934 2210 1147 2246 cellularum
1174 2212 1208 2245 in
1235 2210 1300 2246 bac
1326 2214 1457 2261 specie,
1490 2226 1597 2261 quam
1622 2214 1656 2247 in
1683 2213 1765 2249 reli-

204 2278 302 2326 quis,
333 2276 493 2310 tenerior
519 2282 588 2319 est,
627 2274 769 2325 hyalina
798 2282 833 2310 et
858 2287 961 2324 aegre
989 2273 1254 2324 distinguenda,
1292 2277 1358 2310 nisi
1383 2283 1551 2310 contenta
1578 2276 1764 2313 acidorum

278 2427 326 2470 (¹)
353 2429 425 2458 Tab.
439 2430 472 2457 V.
489 2430 525 2458 H.
546 2429 564 2458 f.
582 2437 604 2459 1.

279 2477 327 2522 (²)
355 2481 427 2510 Tab.
442 2481 497 2510 111.
512 2481 550 2510 H.
569 2480 587 2509 s.
602 2485 628 2510 2.
707 2476 755 2521 (³)
782 2481 936 2511 1bid.f.3.
1016 2475 1064 2520 (⁴)
1091 2480 1243 2510 1bid.s.li.
