2225 3020
986 224 1034 258 29

372 330 517 366 Habitat
534 326 708 370 Rex-oliui,
740 325 870 376 plantis
890 327 1060 374 aquaticis
1085 324 1324 374 probabiliter
1348 322 1517 359 insidens.
1562 322 1667 357 Iunio
1695 321 1790 356 1852

227 393 327 430 domi
344 396 380 429 in
394 392 589 443 parietibus
602 403 782 432 vasorum,
808 389 939 438 quibus
954 388 1053 438 Algis
1068 390 1172 424 variis
1187 386 1350 422 colendis
1365 386 1504 421 dudum
1518 386 1658 429 utebar,
1681 397 1788 435 parce

227 457 314 493 mihi
333 457 492 492 obvenit.

362 520 404 554 In
418 518 510 553 hanc
526 519 684 568 speciem
703 527 779 551 non
797 517 878 550 satis
897 515 984 550 mihi
1003 516 1181 564 cognitam
1201 520 1237 548 et
1255 512 1363 547 dubie
1382 511 1610 561 Hydrocytio
1630 511 1788 547 adsocia-

226 592 298 619 tam
316 583 461 618 alterius
479 579 736 630 inquirendum
757 586 821 614 est.
861 578 1004 614 Statura
1025 585 1059 612 et
1077 575 1285 626 magnitudo
1305 574 1380 610 fere
1400 577 1541 624 prioris.
1587 574 1791 625 Specimina

228 649 369 683 iuniora
390 645 560 693 oblonga,
584 645 723 686 obtusa,
748 641 981 677 crassitudine
1000 640 1110 690 triplo
1126 639 1312 688 longiora;
1335 637 1512 672 adultiora
1532 646 1645 682 ovata,
1669 640 1790 673 crassi-

226 710 351 746 tudine
372 708 486 758 duplo
507 708 681 756 longiora,
705 706 785 756 {offla
805 706 924 755 longa,
947 705 1026 755 §Low
1047 716 1170 739 crassa.
1203 701 1451 752 Cytioplasma
1470 700 1593 744 viride,
1616 703 1652 736 in
1670 715 1790 736 macu-

227 774 270 809 lis
288 772 519 823 parietalibus
538 772 619 806 satis
638 772 773 819 magnis
789 782 895 819 saepe
910 768 1078 804 flexuosis
1098 774 1133 802 et
1150 766 1234 801 hinc
1249 764 1333 800 inde
1349 764 1614 800 confluentibus
1639 764 1789 814 disposi-

226 845 317 873 tum.
357 834 542 871 Globulus
562 833 765 884 amylaceus
785 832 908 868 deesse
927 831 1083 867 videtur.
1114 829 1319 880 Specimina
1334 827 1518 863 fructifera
1535 826 1685 876 gonidiis
1700 841 1728 862 c.
1744 828 1791 861 50

229 900 456 950 subglobosis
488 897 626 948 repleta
660 896 746 933 vidi.
797 896 1036 931 Formationis
1062 893 1291 944 gonidiorum
1315 904 1544 942 processum,
1580 889 1792 926 eorumdem

229 965 468 1006 emissionem,
491 969 631 997 motum
651 968 686 996 et
705 961 1000 1010 germinationem
1020 959 1210 994 observare
1230 955 1317 991 mihi
1331 968 1405 990 non
1424 954 1537 990 licuit.

974 1235 1042 1270 ΠΙ.

842 1305 1162 1344 CHARACIUM.

356 1405 508 1441 Thallus
527 1403 676 1439 adnatus
694 1402 957 1446 unicellularis3
980 1401 1113 1437 cellula
1132 1400 1300 1450 oblonga,
1331 1407 1444 1443 ovata,
1468 1398 1686 1449 pyriformis,
1710 1396 1794 1432 susi-

231 1470 367 1511 formis,
392 1470 506 1504 rarius
526 1466 710 1503 acicularis
729 1474 790 1501 aut
808 1465 1027 1515 subglobosa
1041 1493 1049 1509 ‚
1079 1464 1237 1514 aequalis
1257 1471 1317 1499 aut
1336 1463 1498 1512 obliqua,
1529 1470 1645 1498 erecta
1665 1468 1724 1496 aut
1742 1463 1794 1495 in-

231 1534 372 1577 clinata,
395 1533 471 1567 basi
489 1533 525 1566 in
543 1533 699 1581 stipitem
719 1529 905 1580 hyalinum
931 1531 1046 1565 variae
1070 1527 1302 1577 longitudinis
1328 1534 1523 1570 attenuata,
1550 1524 1794 1575 holoplasma-

229 1600 299 1634 tica
319 1604 379 1632 aut
398 1596 554 1643 denique
570 1593 896 1643 coeloplasmatica‚
920 1591 1191 1642 cytioplasmate
1209 1590 1326 1635 viridi,
1348 1590 1577 1640 homogeneo
1593 1596 1652 1624 aut
1667 1601 1793 1638 granu-

230 1661 321 1702 loso,
336 1658 492 1710 globulis
512 1657 701 1707 amylaceis
720 1664 781 1691 aut
799 1655 920 1697 nullis,
938 1663 998 1690 aut
1017 1660 1113 1700 (ante
1134 1654 1345 1690 divisionem
1365 1653 1661 1704 cytioplasmatis)
1676 1653 1794 1687 unico.

231 1721 457 1772 Zoogonidia
485 1720 763 1771 cytioplasmatis
790 1719 962 1755 divisione
992 1717 1232 1761 succedanea,
1262 1717 1574 1767 repetito-binaria
1601 1723 1688 1757 orta,
1712 1714 1795 1764 plus

232 1788 394 1822 minusve
413 1797 623 1827 numerosa,
651 1791 768 1821 totum
788 1784 983 1833 goniocytii
1002 1782 1126 1817 lumen
1150 1782 1380 1831 occupantia,
1412 1780 1558 1815 demum
1582 1778 1699 1815 vivide
1726 1780 1795 1827 agi-

230 1858 302 1886 tata
320 1857 355 1885 et
373 1862 439 1899 per
457 1856 645 1898 rupturam
665 1848 860 1896 goniocytii
878 1845 1097 1896 plerumque
1117 1844 1314 1888 lateralem,
1338 1846 1450 1879 rarius
1470 1842 1696 1879 terminalem
1716 1854 1794 1877 exa-

233 1914 413 1956 minantia,
437 1911 603 1961 oblonga,
639 1910 727 1946 ciliis
745 1911 947 1946 vibratoriis
973 1910 1065 1944 binis
1084 1911 1268 1944 instructa.

777 2002 949 2031 Historia
968 2007 1004 2030 et
1022 2001 1250 2030 affinitates.

334 2069 458 2097 Primam
482 2068 563 2096 huius
582 2067 696 2107 generis
717 2066 849 2095 notitiam
871 2065 905 2094 cl.
932 2067 1049 2093 Mori-en
1073 2064 1203 2093 habuisse
1221 2063 1352 2099 videtur,
1376 2063 1424 2102 qui
1453 2063 1481 2091 in
1510 2061 1797 2092 commentationibus

235 2119 439 2159 physiologicis
459 2119 493 2148 de
513 2118 710 2158 Hydrophytis
727 2117 844 2157 Belgiae
866 2117 929 2145 1341
953 2111 1110 2154 editis(¹),
1131 2115 1264 2144 videlicet
1281 2115 1310 2143 in
1330 2114 1574 2143 commentatione
1593 2113 1685 2149 tertia,
1705 2113 1738 2141 de
1758 2111 1798 2141 ef-

236 2170 331 2200 ficacia
349 2170 486 2210 Algarum
501 2176 530 2199 et
546 2169 779 2198 animalculorum
799 2167 931 2196 viridium
951 2167 985 2195 ad
1004 2177 1069 2207 gasa
1084 2177 1171 2205 aquae
1190 2166 1384 2202 immiscenda,
1404 2171 1433 2194 et
1451 2170 1538 2201 sexta,
1561 2164 1594 2192 de
1608 2163 1726 2193 historia
1745 2174 1797 2204 ge-

239 2222 314 2250 neris
330 2221 556 2256 Tessararthrae,
571 2220 623 2249 sub
640 2221 756 2248 nomine
771 2222 999 2247 Tessararthrae
1006 2221 1201 2254 fascic-ululae
1219 2216 1374 2255 plantulam
1388 2216 1622 2254 microscopicam
1637 2215 1756 2244 viridem
1771 2214 1800 2243 in

235 2272 417 2309 „conservae
442 2271 596 2301 vesicatae'⁷
622 2271 674 2299 filis
701 2271 878 2310 parasiticam
901 2275 930 2298 et
953 2268 1135 2308 zoogonidiis
1161 2278 1243 2307 quam
1269 2267 1388 2296 maxime
1407 2267 1526 2307 agilibus
1544 2276 1574 2295 se
1592 2271 1798 2306 propagantem

238 2323 387 2362 descripsit
405 2328 433 2351 et
449 2322 482 2351 ad
501 2322 674 2363 oxygenium
689 2322 718 2350 in
738 2321 866 2350 fontibus
887 2320 1007 2360 publicis
1026 2319 1144 2360 Belgiae
1161 2318 1316 2358 parandum
1343 2318 1472 2358 inprimis
1491 2317 1633 2346 efficacem
1651 2316 1798 2357 praedica-

310 2483 358 2526 (')
386 2486 468 2523 Quae
483 2487 738 2516 commentationes
757 2486 945 2516 contInentur
959 2485 1002 2514 in:
1017 2483 1206 2514 Nouv.M‹}m.
1227 2483 1261 2512 de
1281 2482 1375 2511 l’acad.
1391 2493 1414 2511 r.
1429 2481 1455 2511 d.
1464 2480 1588 2510 Bruxell.
1603 2480 1671 2509 XIV
1687 2477 1798 2522 (1841).
