2225 3020
1170 200 1216 236 58

418 327 480 353 nea,
493 311 659 355 sporidia'’)‚
673 310 764 339 stadio
779 308 942 349 agitationis
961 307 1130 348 praeterito,
1145 306 1376 346 colliquescendo
1391 308 1420 336 in
1434 313 1495 336 rete
1514 307 1683 336 continuum
1697 306 1743 344 (l),
1757 305 1846 335 serius
1860 305 1974 334 tandem

417 369 447 397 in
462 365 573 396 cellulas
588 363 717 397 divisum,
738 361 815 390 abire
830 365 918 400 putat.
936 360 1006 388 Post
1019 364 1063 387 tot
1077 358 1274 387 observatores
1300 359 1360 398 ipse
1375 358 1567 398 Hydrodictyi
1581 358 1703 387 studium
1725 362 1830 386 aestate
1848 356 1914 385 1846
1929 366 1978 396 ag-

417 427 528 459 gressus
544 421 572 443 et
586 414 613 442 in
626 412 780 442 secundum
796 423 899 440 annum
917 415 1092 450 persecutus,
1107 419 1178 448 quae
1192 409 1366 449 inexplorata
1381 409 1526 439 restabant
1540 409 1569 437 in
1582 409 1655 438 vitae
1670 409 1729 437 eius
1746 407 1864 436 historia
1878 406 1978 446 explo-

416 478 477 497 rare
492 466 631 504 dubiaque
646 464 757 493 solvere
771 463 894 502 suscepi;
910 461 1074 491 cellularum
1089 466 1260 489 structuram
1275 461 1437 497 examinavi,
1451 460 1662 500 cytiodermatis
1676 470 1765 498 aeque
1779 470 1810 488 ac
1826 457 1979 498 cytioplas-

415 518 496 547 matis
510 523 595 546 strata
609 515 787 555 reagentium
806 525 860 553 ope
875 524 1021 553 separans;
1037 516 1240 541 contentorum
1262 512 1432 541 mutationes
1447 511 1481 539 ad
1496 511 1697 540 formationem
1713 510 1898 550 gonidiorum
1913 518 1979 547 spe-

416 574 526 598 ctantes
545 568 690 607 ipsamque
705 565 889 606 gonidiorum
910 564 1029 604 genesin
1053 574 1103 603 per
1129 563 1225 591 omnia
1249 562 1336 591 stadia
1355 563 1476 591 sollicite
1500 562 1642 602 indagavi,
1669 561 1844 602 zoogonidia
1858 559 1979 599 duplicis

417 619 532 655 indolis,
546 617 761 658 macrogonidia
776 617 849 645 intra
864 615 992 645 cellulam
1009 614 1182 643 matricalem
1202 613 1410 654 germinatione
1425 613 1596 642 reticulatim
1618 612 1771 641 coniuncta
1790 618 1818 641 et
1833 611 1981 651 microgo-

417 671 495 700 nidia
509 681 524 699 e
540 669 640 699 cellula
661 668 799 697 matricali
820 666 1006 696 examinantia
1033 665 1162 701 distinxi⁷
1189 664 1467 704 microgonidiorum
1495 663 1776 693 transformationem
1804 669 1832 692 et
1860 662 1981 698 obitum,

417 732 507 761 aeque
521 732 552 750 ac
567 720 731 749 cellularum
747 724 807 747 rete
822 717 1057 747 constituentium
1073 716 1268 745 evolutionem
1284 726 1335 755 per
1349 726 1448 744 omnes
1471 721 1574 744 aetates
1595 719 1760 754 persecutus
1781 724 1858 748 sum,
1873 713 1981 742 abnor-

418 774 530 802 mitates
545 772 668 810 denique
683 771 826 810 plurimas,
842 779 856 797 e
871 779 914 808 gr.
927 767 1041 797 cellulas
1057 767 1183 796 solitarie
1197 767 1337 807 vigentes,
1353 772 1510 795 memoratu
1525 766 1691 806 praesertim
1707 765 1807 804 dignas
1824 763 1980 793 observavi.

419 825 615 862 Quaecunque
635 822 749 857 inveni,
770 821 862 849 minus
883 818 1078 848 essentialibus
1099 818 1233 858 exceptis,
1252 818 1374 857 primum
1390 817 1562 857 Scaphusiae
1576 817 1604 846 in
1620 816 1847 857 congregatione
1866 821 1983 844 naturae

418 876 597 905 curiosorum
618 873 833 902 Helveticorum
857 881 880 899 a.
903 871 968 900 1847
992 880 1089 898 coram
1111 864 1317 909 proposui(¹),
1344 874 1442 908 postea
1462 868 1491 897 in
1510 868 1606 897 libello
1622 868 1656 896 de
1670 867 1796 896 anabiosi
1812 866 1895 896 variis
1912 865 1983 894 locis

418 920 603 966 exposui(²).
632 924 691 961 Qui
710 923 863 952 novissime
882 921 1054 961 singularem
1077 920 1269 961 Hydrodictyi
1290 919 1485 949 evolutionem
1501 924 1704 955 tractaverunt,
1723 919 1768 947 vix
1790 918 1857 946 novi
1879 915 1985 955 aliquid

418 977 597 1012 addiderunt,
621 976 696 1003 inter
715 984 785 1013 quos
806 972 972 1001 nominandi
994 978 1060 1001 sunt
1079 972 1288 1007 acuratissimus
1308 971 1358 1000 Co
1371 965 1482 1009 hn(³)‚
1505 971 1583 999 cuius
1599 969 1814 999 observationes
1831 968 1909 997 omni
1925 967 1985 996 sere

419 1029 530 1058 ratione
555 1037 618 1056 cum
633 1026 702 1055 meis
721 1025 908 1060 conveniunt,
933 1034 985 1052 nec
1001 1034 1059 1052 non
1074 1024 1124 1052 De
1135 1023 1214 1052 rbes
1241 1029 1270 1051 et
1290 1022 1309 1051 S
1321 1016 1478 1063 olier(⁴)‚
1504 1032 1626 1061 quorum
1641 1020 1857 1050 observationes
1873 1019 1908 1048 de
1923 1019 1985 1058 Hy-

420 1080 570 1119 drodictyo
587 1078 616 1106 in
631 1076 778 1106 nonnullis
793 1075 886 1104 minus
901 1080 1049 1104 accuratae
1064 1080 1092 1103 et
1106 1074 1198 1103 minus
1213 1073 1372 1113 completae
1386 1078 1463 1102 sunt.

704 1177 1006 1207 Observationes
1027 1175 1333 1216 morphologicae
1353 1181 1386 1204 et
1406 1173 1702 1214 physiologicae.

559 1244 642 1280 Quae
661 1242 716 1271 alio
731 1242 796 1270 loco
820 1247 849 1270 et
871 1241 931 1280 ipse
954 1240 1081 1279 exposui,
1101 1245 1129 1268 et
1152 1250 1222 1278 quae
1236 1239 1264 1268 in
1280 1238 1314 1267 cl.
1330 1238 1437 1267 Cohnii
1452 1237 1695 1266 commentatione
1718 1236 1803 1265 citata
1817 1235 1927 1274 optime
1941 1244 1988 1263 ex-

420 1296 512 1336 posita
527 1295 664 1331 invenies,
680 1293 724 1322 hic
738 1298 870 1332 repetere
888 1303 945 1320 non
962 1292 990 1320 in
1006 1291 1101 1320 animo
1117 1296 1174 1324 est;
1189 1301 1277 1330 pauca
1291 1296 1413 1326 tantum,
1428 1299 1515 1328 eaque
1531 1289 1623 1317 minus
1638 1293 1755 1316 tractata
1769 1287 1813 1316 vel
1828 1286 1919 1315 adhuc
1934 1285 1987 1314 du-

420 1348 466 1377 bia
480 1346 559 1376 brevi
573 1352 697 1385 tangam.
724 1343 916 1383 Hydrodictyi
938 1348 998 1371 rete
1018 1342 1160 1371 coloniam
1181 1352 1230 1370 seu
1246 1341 1418 1370 coenobium
1434 1340 1585 1369 individuis
1601 1338 1832 1368 unicellularibus
1848 1336 1990 1376 composi-

422 1405 481 1427 tum
497 1408 557 1427 esse
572 1396 697 1436 propriis
713 1393 961 1424 observationibus
976 1393 1087 1422 innixus
1104 1386 1242 1429 statui(⁵)
1259 1398 1286 1420 et
1300 1391 1497 1420 observatores
1512 1390 1699 1425 recentiores,
1715 1389 1764 1418 Co
1775 1389 1816 1417 hn
1827 1384 1887 1426 (⁶),
1902 1387 1928 1416 D
1939 1398 1991 1416 er-

421 1450 483 1479 bes
503 1455 531 1478 et
546 1447 622 1477 Soli
633 1441 725 1483 er(⁷)
740 1446 859 1485 proprio
878 1446 968 1473 Marte
984 1444 1156 1473 adseutiunt.
1185 1444 1208 1471 E
1223 1443 1369 1472 contrario
1385 1441 1419 1471 cl.
1435 1442 1464 1470 M
1475 1452 1557 1470 orre
1568 1453 1585 1469 n
1596 1463 1604 1477 ,
1618 1441 1666 1480 qui
1681 1440 1749 1469 retis
1762 1440 1904 1479 originem
1917 1437 1990 1467 male

422 1499 652 1540 comprehendit,
667 1509 726 1526 non
742 1497 833 1526 solum
848 1496 998 1525 reticulum
1013 1495 1166 1534 originitus
1182 1494 1351 1522 continuum
1371 1504 1431 1522 esse
1447 1498 1475 1521 et
1488 1503 1637 1532 processus
1661 1491 1788 1520 divisorii
1802 1501 1857 1530 ope
1873 1489 1990 1519 cellulo-

421 1564 482 1582 sum
496 1551 615 1580 evadere
630 1548 802 1584 enunciavit,
828 1547 876 1576 sed
892 1547 976 1575 etiam
990 1545 1116 1585 singulas
1132 1545 1246 1573 cellulas
1266 1544 1407 1573 divisione
1426 1543 1558 1583 primaria
1571 1543 1704 1571 formatas
1719 1548 1747 1571 et
1760 1541 1880 1582 singulis
1895 1551 1991 1569 macu-

500 1682 548 1724 (¹)
576 1684 663 1714 Conf.
679 1683 839 1713 Verbandl.
857 1682 882 1710 d.
906 1681 1048 1710 Schweiz.
1065 1679 1256 1709 naturforsch.
1273 1678 1433 1708 Gesellsch.
1448 1678 1494 1708 bei
1508 1678 1585 1707 ihrer
1599 1676 1822 1717 Versammlung
1832 1688 1867 1705 zu
1882 1675 1993 1706 schaff-

424 1740 528 1768 hausen
542 1737 608 1767 1847
626 1747 654 1775 p.
671 1741 714 1764 20.

501 1796 548 1840 (²)
577 1800 610 1829 A.
626 1800 732 1834 Braun,
747 1798 791 1826 die
808 1797 1003 1837 Verj'ungung
1017 1796 1046 1824 in
1062 1795 1113 1824 der
1126 1794 1333 1831 Natur(1851)
1347 1804 1375 1832 p.
1393 1799 1453 1822 133.
1471 1798 1529 1822 135.
1547 1791 1606 1821 146.
1626 1794 1684 1822 167.
1703 1797 1762 1821 182.
1778 1795 1838 1823 197.
1857 1796 1915 1823 199.
1930 1795 1992 1820 203.

425 1859 485 1883 210.
502 1858 562 1881 223.
579 1853 639 1880 236.
655 1854 716 1879 257.
730 1853 790 1880 279.

503 1910 551 1955 (³)
581 1913 676 1949 Cohn,
703 1911 968 1951 Untersuchungen
995 1909 1042 1939 fib.
1059 1909 1190 1938 microsc.
1212 1907 1307 1949 Algen
1327 1907 1386 1936 und
1407 1907 1486 1936 Pilze
1514 1908 1595 1945 (nov.
1615 1911 1669 1935 act.
1684 1911 1741 1935 nat.
1758 1917 1817 1935 cur.
1833 1904 1891 1935 vol.
1905 1905 1950 1934 24.
1970 1911 1993 1935 1.

427 1967 511 2005 1854)
531 1978 559 2006 p.
576 1972 626 1997 109
640 1965 733 2001 (209),
748 1962 804 1991 tab.
822 1968 861 1994 19.

503 2023 552 2066 (⁴)
582 2027 693 2057 Derbes
709 2032 737 2055 et
757 2026 860 2060 Solier,
884 2024 970 2053 Mem.
989 2035 1037 2053 sur
1053 2023 1076 2052 la
1093 2022 1215 2063 physiol.
1229 2022 1277 2051 des
1292 2016 1406 2063 Algues
1422 2021 1586 2061 (Supplem.
1605 2031 1657 2050 aux
1673 2019 1810 2060 Comptes
1825 2019 1930 2049 rendus
1945 2020 1994 2049 des

426 2081 541 2111 se'ances
556 2079 590 2108 de
606 2078 711 2107 l'Acad.
727 2077 775 2106 des
790 2088 828 2106 sc.
844 2075 882 2116 Ι.)
899 2088 926 2115 p.
944 2081 984 2104 12.
999 2075 1037 2114 pl.
1053 2082 1076 2104 5.
1093 2077 1118 2104 6.
1138 2079 1162 2105 7.

504 2138 554 2185 (⁵)
581 2141 734 2171 Verliandl.
750 2141 776 2169 d.
792 2139 933 2169 Schweiz.
958 2138 1062 2168 naturf.
1087 2137 1245 2167 Gesellsch.
1265 2136 1311 2166 bei
1335 2136 1412 2165 ihrer
1427 2136 1507 2165 Vers.
1523 2147 1559 2164 zu
1577 2134 1782 2164 Schaffhausen
1801 2134 1879 2171 1847,
1899 2145 1926 2174 p.
1943 2140 1995 2170 213

428 2196 568 2235 Verjiing.
583 2190 864 2232 <1849—51)p.133
880 2196 908 2219 et
925 2196 985 2220 135.

504 2253 553 2297 (⁶)
583 2257 667 2286 Cohn
682 2257 700 2285 l.
711 2267 734 2285 c.
750 2266 777 2295 p.
795 2260 845 2286 109
860 2255 951 2292 (209).

504 2317 552 2360 (⁷)
579 2320 691 2350 Derb'es
705 2325 733 2349 et
744 2318 838 2348 Solier
852 2317 870 2347 l.
886 2329 909 2346 c.
931 2328 957 2357 p.
975 2317 1017 2346 1l1.
1035 2323 1074 2345 15.
1103 2315 1242 2355 „Chaque
1256 2324 1397 2354 zoospore
1418 2313 1514 2342 donne
1533 2312 1569 2341 ici
1596 2311 1742 2341 naissance
1770 2311 1784 2341 ὲ
1811 2323 1868 2341 une
1895 2312 1996 2342 cellule

430 2374 544 2412 unique,
571 2373 642 2401 dont
654 2377 719 2400 tout
730 2370 755 2399 le
771 2369 1011 2408 developpement
1026 2367 1180 2396 consistera
1203 2377 1238 2395 en
1254 2377 1291 2395 un
1311 2364 1531 2394 accroissement
1545 2363 1578 2392 de
1593 2362 1779 2399 dimensions‚
1805 2374 1868 2393 sans
1884 2363 1996 2393 donner

431 2424 487 2452 lieu
502 2417 515 2451 {1
536 2433 643 2452 aucune
661 2421 881 2460 multiplicatiori
896 2442 902 2448 .
919 2442 926 2449 .
938 2442 944 2448 .
966 2419 1011 2447 En
1031 2418 1152 2447 d'autres
1173 2423 1286 2453 termes,
1306 2428 1344 2445 un
1360 2415 1581 2456 Hydrodictyon
1597 2420 1638 2443 est
1653 2425 1691 2443 un
1705 2414 1881 2456 assemblage
1895 2415 1929 2444 de
1943 2424 1994 2454 pe-

432 2475 496 2504 tites
516 2474 624 2513 plantes
639 2473 762 2502 reduites
783 2472 796 2501 a
812 2483 850 2501 un
864 2471 925 2501 seul
936 2469 1035 2499 article
1052 2469 1142 2498 forme
1156 2479 1207 2508 par
1221 2468 1247 2498 le
1262 2467 1501 2507 developpement
1515 2466 1580 2494 d’un
1595 2465 1766 2505 zoospore.”
