2225 3020
993 207 1040 243 23

231 311 294 346 ubi
312 312 450 354 tenuia,
474 317 509 345 et
527 311 564 344 in
582 311 718 359 stipite,
748 309 812 344 ubi
831 310 1044 344 crassissima
1070 317 1105 344 et
1133 308 1318 345 alveorum
1338 308 1396 345 vel
1416 308 1672 344 conchlearum
1692 311 1801 344 instar

230 376 458 424 superposita
477 374 641 419 sunt(¹).
680 372 783 408 Patet
802 371 929 407 exinde
949 374 1105 422 stipitem
1124 371 1311 423 hyalinum
1332 372 1501 407 cellulam
1521 374 1706 422 propriam
1725 385 1799 407 non

231 450 319 482 esse,
342 436 404 473 sed
424 438 540 471 stratis
559 436 789 471 membranae
808 435 1040 471 secundariae
1060 435 1319 470 unilateraliter
1337 437 1534 470 incrassatis
1550 435 1709 470 formari.
1733 435 1800 471 So-

230 500 320 536 lutio
342 502 432 535 zinci
452 499 748 534 chloro—iodinici
767 498 919 534 similem
938 499 1046 534 habet
1065 498 1247 538 effectum,
1267 497 1329 532 sed
1348 497 1453 532 color
1472 499 1761 534 membranarum
1781 512 1799 534 e

228 562 487 599 sordide-ssavo
515 565 551 597 in
575 562 727 599 viridem
752 564 878 611 vergit.
929 562 1085 597 Acidum
1111 560 1363 610 sulphuricum
1390 563 1498 610 magis
1524 570 1797 597 concentratum

229 627 475 662 membranam
495 628 671 661 internam
691 638 774 660 mox
794 625 945 661 destruit
964 633 999 661 et
1017 631 1123 660 strata
1141 623 1260 659 media
1279 626 1315 658 in
1334 623 1523 673 gelatinam
1543 627 1650 673 magis
1669 627 1795 675 magis-

228 703 299 739 que
318 688 467 724 fluidam
486 691 675 733 convertit,
701 688 787 724 dum
803 689 960 724 cuticula
975 691 1158 723 immutata
1177 687 1415 737 persistit(²).
1449 687 1697 737 Cytioplasma
1717 688 1793 738 glo-

226 752 321 788 bulis
342 752 499 789 evanidis
518 755 711 802 aerugineo
732 752 917 787 coloratur
936 759 982 795 et,
1012 750 1164 800 gelatina
1187 750 1373 786 volumine
1393 758 1495 785 aucta
1519 764 1700 800 pressum,
1731 765 1797 802 per

227 818 366 866 apicem
397 815 517 852 clavae
542 824 707 865 ruptum,
735 815 923 851 vermiculi
946 817 1075 858 instar,
1109 813 1362 864 protruditur,
1396 813 1547 863 gelatina
1570 813 1681 849 fluida
1705 817 1796 850 inse-

228 887 375 929 quente.

367 943 643 994 ‘Fructtficatim
702 942 785 992 Ipsa
813 941 945 977 cellula
971 943 1168 991 vegetativa
1198 940 1344 975 demum
1372 942 1568 991 goniocytii
1592 942 1688 976 vices
1719 943 1797 990 agit.

226 1005 471 1042 Gonidiorum
499 1005 666 1041 formatio
695 1008 859 1055 proxima
890 1005 1068 1040 indicatur
1098 1006 1296 1039 mutatione
1325 1003 1559 1053 globulorum
1596 1004 1798 1054 amylaceo-

225 1083 327 1113 rum,
365 1072 427 1119 qui
452 1071 610 1119 primum
631 1071 666 1104 in
686 1069 920 1118 granulorum
941 1070 1122 1103 minorum
1142 1067 1330 1103 acervulos
1351 1067 1646 1115 dilabuntur(³),
1667 1067 1808 1104 deinde*

225 1135 373 1168 omnino
403 1132 697 1178 evanescuntff).
745 1132 886 1167 Eodem
915 1139 1082 1180 tempore
1108 1130 1344 1181 cytioplasma
1368 1130 1567 1167 evidentius
1592 1131 1799 1181 granulatur

224 1204 259 1231 et
269 1198 441 1231 intensius
452 1198 602 1232 virescit.
632 1195 753 1231 Stadia
772 1208 963 1245 processus
983 1195 1163 1230 formativi
1182 1194 1431 1243 gonidiorum,
1457 1208 1548 1244 quae
1576 1203 1792 1244 sequuntur,

223 1267 368 1309 praeter
386 1259 553 1294 ultimum
582 1260 774 1295 observare
803 1259 889 1294 mihi
913 1272 987 1293 non
1017 1259 1178 1306 contigit.
1227 1256 1385 1292 Gonidia
1410 1256 1570 1307 perfecta
1590 1257 1797 1294 densissima

224 1336 329 1372 grege
360 1330 478 1357 totum
510 1322 633 1357 lumen
669 1322 790 1358 clavae
818 1321 1052 1371 explent(5),
1089 1335 1107 1355 a
1140 1321 1346 1370 peripheria
1378 1320 1583 1371 paullulum
1623 1330 1792 1367 retracta,

224 1386 386 1436 apicibus
407 1394 610 1421 extrorsum
632 1398 815 1428 conversa,
849 1393 963 1428 ovata,
992 1383 1131 1428 viridia,
1159 1386 1254 1419 intus
1282 1384 1489 1434 granulosa,
1515 1386 1616 1434 apice
1641 1386 1797 1436 subhya-

223 1449 312 1492 lina,
341 1451 382 1484 iis
407 1449 512 1484 Codii
533 1455 723 1484 tomentosc‘
746 1456 870 1484 exacte
897 1447 1041 1492 similia,
1074 1447 1137 1483 sed
1164 1449 1321 1492 minora,
1352 1451 1408 1484 vix
1427 1448 1508 1498 gom·
1528 1447 1714 1498 longa(⁶).
1766 1450 1796 1484 E

223 1515 431 1563 goniocytio
458 1515 692 1548 examinantia
720 1520 755 1548 et
786 1514 911 1562 agitata
937 1524 1012 1546 non
1038 1510 1128 1555 vidi,
1166 1510 1230 1546 sed
1258 1514 1315 1548 vix
1349 1511 1476 1547 dubito
1506 1519 1541 1547 et
1565 1512 1631 1547 hac
1659 1514 1796 1548 ratione

223 1576 447 1626 zoogonidiis
473 1576 582 1612 Codii
613 1575 739 1611 similia
772 1589 860 1611 esse.
919 1574 1005 1620 Quo
1037 1581 1203 1624 tempore
1236 1574 1379 1624 gonidia
1410 1575 1650 1625 perficiuntur
1681 1588 1795 1611 meso-

224 1639 346 1675 derma
373 1641 569 1689 goniocytii
600 1638 836 1688 gelatinosum
860 1639 1076 1673 intumescit.
1129 1637 1349 1688 Goniocytia
1373 1652 1500 1682 vacua,
1538 1639 1689 1688 gonidiis
1717 1653 1796 1675 exa-

223 1704 362 1738 minatis
391 1702 532 1746 relicta,
568 1704 680 1737 rarius
709 1701 794 1737 vidi.
842 1701 990 1736 Praeter
1020 1703 1320 1750 propagationem
1352 1714 1420 1751 per
1454 1702 1669 1752 zoogonidia
1706 1703 1795 1739 alter

227 1769 331 1802 etiam
356 1767 626 1816 propagationis
653 1765 784 1800 modus
811 1765 934 1800 adesse
962 1763 1118 1799 videtur.
1175 1763 1385 1800 Occurrunt
1414 1767 1509 1800 enim
1537 1766 1620 1801 hinc
1647 1766 1730 1802 inde
1758 1769 1796 1802 in

223 1829 428 1879 caespitulis
455 1828 603 1865 Codioli
629 1828 782 1864 cellulae
808 1836 929 1864 exacte
955 1828 1146 1877 globosae,
1176 1828 1400 1877 zoogonidiis
1426 1831 1596 1873 maiores,
1619 1830 1793 1881 ss—ssmm·

222 1906 370 1937 crassae,
394 1892 666 1943 cytioplasmate
686 1892 886 1928 evidentius
905 1891 1098 1941 granuloso
1119 1899 1154 1926 et
1173 1891 1432 1941 cytiodermate
1448 1895 1529 1928 satis
1545 1906 1662 1928 crasso
1679 1902 1714 1929 et
1731 1896 1792 1929 tri-

222 1957 320 2007 plici,
345 1956 451 2006 quale
471 1958 708 2006 speciminum
729 1955 961 1992 evolutorum
981 1969 1088 2004 supra
1109 1954 1329 2005 descriptum
1351 1963 1415 1991 est.
1444 1955 1517 1991 Has
1538 1956 1698 1992 Codiolo
1719 1971 1793 1992 non

223 2020 354 2056 alienas
386 2033 462 2055 esse
487 2022 753 2068 reagentiorum
779 2019 910 2054 similes
931 2018 1083 2054 effectus
1109 2026 1144 2054 et
1168 2020 1330 2068 inprimis
1350 2019 1544 2069 gelatinosa
1564 2021 1792 2057 membranae

222 2083 452 2120 secundariae
476 2091 602 2119 natura
628 2083 793 2118 suadent.
846 2082 1026 2132 Singulari
1044 2082 1347 2132 zoogonidiorum
1373 2082 1581 2119 evolutione
1602 2092 1696 2119 ortas
1716 2098 1791 2121 esse

221 2149 279 2183 vix
301 2146 449 2192 dubito;
478 2160 668 2197 sporarum
687 2155 806 2182 autem
825 2149 920 2182 vices
940 2159 1042 2196 agere
1064 2153 1098 2181 et
1117 2148 1381 2182 conservationi
1395 2160 1463 2196 per
1481 2154 1623 2197 tempus
1638 2148 1791 2184 hiemale

222 2219 258 2247 et
271 2210 414 2247 vernale
429 2213 599 2247 inservire
619 2223 660 2246 ea
678 2224 717 2246 re
736 2211 884 2260 probari
902 2209 1058 2253 videtur,
1087 2208 1188 2258 quod
1209 2209 1358 2245 Codioli
1377 2213 1565 2260 vegetatio,
1595 2211 1712 2247 hieme
1737 2214 1789 2247 in-

221 2281 394 2324 terrupta,
417 2287 491 2309 non
505 2282 586 2310 ante
600 2274 710 2310 finem
729 2277 868 2309 aestatis
888 2276 925 2308 in
943 2273 1155 2308 stationibus
1173 2274 1246 2308 suis
1266 2276 1431 2323 resurgit.

298 2409 346 2453 (¹)
374 2413 586 2444 Tab.1.f.15.
608 2419 649 2444 16.
703 2409 752 2453 (²)
779 2414 997 2445 1bid.1.s.17.
1053 2409 1100 2452 (³)
1129 2414 1147 2443 f.
1172 2419 1210 2443 ιο.
1264 2408 1313 2451 (⁴)
1340 2415 1359 2442 f.
1382 2421 1422 2443 ιι.
1475 2408 1523 2452 (⁵)
1550 2414 1569 2444 f.
1593 2421 1632 2444 ω.

1212 2468 1280 2488 imm.

297 2469 346 2512 (⁶)
375 2473 558 2514 Zoogonidia
578 2478 660 2504 Codii
676 2480 833 2504 tomentosi
850 2486 881 2504 ex
901 2475 984 2504 icone
1004 2474 1178 2504 Thuretiana
1196 2490 1229 2519 ᾗ
1300 2474 1414 2503 circiter
1432 2474 1528 2515 longa.
