2225 3020
1157 201 1205 235 98

526 312 648 340 ‘rsmun
666 311 876 342 bicuspfdamm
898 305 994 334 Corda
1014 305 1089 334 Alm.
1105 306 1140 334 de
1156 306 1266 337 Carlsb.
1284 313 1351 336 1835
1366 313 1385 336 t.
1402 309 1455 336 III.
1470 308 1487 337 f.
1503 315 1552 344 31;
1568 315 1637 342 1839
1651 316 1672 339 t.
1683 310 1707 338 I.
1722 309 1741 338 s.
1756 316 1771 339 3
1788 316 1815 338 et
1830 310 1856 339 4.
1872 309 1969 339 cellu-

402 364 489 392 larum
505 363 592 390 sorma
615 370 677 387 cum
698 361 731 386 Ρ.
748 362 872 385 caudato
890 357 984 395 potius
1005 358 1153 397 congruit.
1176 368 1188 385 a
1206 368 1264 396 quo
1280 359 1482 397 appendicibus
1498 361 1672 399 (cornubus)
1688 361 1890 398 crassiusculis‚
1916 372 1970 391 nec

402 414 517 444 setaceis
531 411 635 439 dissert.
665 409 846 448 Appendices
860 408 1086 437 coiumissurales
1103 409 1129 437 in
1147 409 1234 449 figura
1250 409 1361 445 desunt,
1377 421 1410 438 an
1427 411 1526 439 recte?

522 465 694 489 Tar-asama
709 463 809 488 Taras
831 459 925 488 Corda
943 459 1017 488 Alm.
1034 465 1102 491 1839
1118 472 1143 498 p.
1161 467 1172 488 2
1187 466 1209 489 18
1226 460 1273 496 (ad
1291 461 1480 501 Ehrenbergii
1497 461 1599 501 figuras
1614 463 1711 491 citatas
1726 474 1740 491 a
1755 469 1783 491 et
1798 463 1838 499 c).

525 516 601 540 Tar.
630 515 709 539 Crux
729 514 916 539 Iohannilum
940 510 1035 539 Corda
1057 510 1094 539 ib.
1111 517 1130 539 t.
1146 512 1167 539 I.
1185 511 1201 539 f.
1217 516 1232 540 6
1262 511 1385 549 (cellulis
1406 513 1432 549 li,
1460 512 1541 551 lobis¹
1557 513 1725 552 profundius
1746 514 1863 551 excisis,
1886 515 1969 544 nimis

400 567 487 605 longe
501 563 710 602 bicuspidatis).

526 618 711 643 Pedium-um
731 617 951 648 obsusangulum
967 613 1055 652 Perly
1075 625 1098 643 z.
1113 613 1241 641 Kenntn.
1257 613 1283 641 d.
1300 612 1335 641 kl.
1352 613 1550 643 Lebensform.
1566 615 1666 652 (1852)
1685 626 1712 654 p.
1729 621 1790 644 211.
1805 622 1826 644 t.
1848 619 1889 645 16.
1904 616 1922 645 f.
1939 623 1971 646 35

400 666 524 705 (cellulis
541 668 564 700 lu,
580 665 662 699 lobi«,
678 664 892 704 cytioplasmate
908 670 1015 692 tantum
1033 665 1199 703 conspicuo.
1216 665 1400 701 rotundatis).

525 720 722 745 Micrasterias
741 719 881 751 hesum-lis
898 715 1022 744 lilirenb.
1039 715 1111 743 Abi),
1128 716 1153 743 d.
1173 716 1222 744 Ak.
1244 721 1307 744 1833
1325 727 1350 754 p.
1366 722 1431 750 .300;
1452 716 1507 745 Inf.
1523 717 1623 753 (¹838)
1646 728 1673 756 p.
1691 719 1741 745 156
1762 716 1843 746 huius
1857 729 1971 757 quoque

399 769 504 810 speciei
520 769 637 797 sormam
654 767 886 796 octocellularem
902 767 1189 804 etsepte111radiatan1
1210 767 1271 795 sine
1291 767 1378 796 dubio
1394 768 1622 806 comprehendit,
1645 768 1694 796 sed
1710 768 1817 808 figurae
1831 769 1865 797 ad
1881 770 1972 798 varie-

400 827 486 850 tatem
501 810 539 853 β.
557 820 586 848 Ρ.
604 819 726 847 Rotulae
740 818 896 857 pertIuent.

526 874 709 898 Pediaslrum
723 873 863 904 lzesalactis
878 868 1011 909 Menegll.
1028 869 1097 908 Syn.
1113 869 1210 897 Desm.
1227 869 1254 897 in
1270 869 1354 897 Linn.
1365 870 1443 898 XIV.
1459 871 1559 906 (1840)
1575 881 1601 909 p.
1612 876 1657 898 211
1677 870 1847 909 (specimina
1862 872 1975 910 quadri—

400 929 429 953 et
444 921 656 952 octocellularia
671 921 751 949 huius
771 920 887 958 speciei,
909 931 960 947 nec
975 931 1032 948 non
1049 920 1261 948 octocellularia
1283 921 1313 948 P.
1329 921 1452 949 Rotulae
1475 910 1514 952 β.
1529 921 1731 960 amplectens);
1760 921 1837 950 Ralss
1854 924 1929 951 Anu.
1945 922 1979 951 of

401 980 458 1003 nat.
473 974 539 1002 hist.
556 973 635 1001 XIV.
651 972 750 1008 (131111)
770 982 796 1010 p.
809 973 869 1002 469.
886 976 905 999 t.
921 971 987 1000 XII.
1004 971 1022 999 f.
1037 978 1069 1005 53
1094 972 1165 1000 Brit.
1181 972 1278 1000 Desm.
1294 974 1394 1009 (usas)
1419 983 1446 1011 p.
1463 978 1521 1002 183.
1544 978 1563 1000 t.
1580 979 1622 1002 31.
1639 972 1656 1001 f.
1671 978 1685 1000 ⁴2
1702 973 1872 1012 (specimina
1892 979 1973 1003 octo—

402 1025 544 1055 cellularia
560 1024 665 1051 formae
681 1025 851 1056 truncatae).

528 1078 695 1110 P.s1'mple.1.
712 1073 819 1101 Hassall
836 1073 851 1101 l.
868 1084 890 1101 e.
907 1084 934 1111 p.
950 1079 1010 1101 588.
1026 1079 1046 1102 t.
1064 1080 1086 1102 S.
1102 1073 1120 1101 s.
1136 1077 1165 1103 17
1182 1074 1330 1112 (repetitio
1346 1074 1376 1102 P.
1390 1074 1558 1112 heptactidis
1575 1073 1738 1111 Ralssiani).

525 1129 683 1154 Eunstrum
697 1128 885 1159 Elzr-enbergli
899 1124 994 1153 Corda
1009 1124 1083 1153 Alm.
1099 1124 1133 1153 de
1150 1124 1260 1153 Carlsb.
1279 1130 1345 1156 1839
1360 1136 1386 1164 p.
1407 1131 1463 1154 158.
1479 1130 1498 1153 t.
1514 1125 1551 1153 11.
1567 1124 1584 1153 f.
1601 1131 1615 1154 8
1637 1126 1743 1162 (forma
1762 1124 1863 1155 leviter
1883 1127 1973 1155 excisa

403 1176 637 1212 octocellularis).

526 1228 579 1257 ?E
600 1232 794 1263 heptagonum
817 1226 912 1255 Corda
928 1226 965 1254 ib.
981 1232 1001 1254 t.
1018 1227 1054 1255 II.
1072 1226 1089 1254 f.
1111 1233 1139 1255 10
1154 1232 1183 1255 et
1203 1234 1241 1255 11.
1281 1227 1400 1255 Praeter
1427 1237 1576 1255 numerum
1602 1227 1782 1256 octonarium
1807 1227 1972 1257 cellularum

402 1281 520 1309 omnino
536 1279 609 1307 idem
625 1290 655 1307 ac
667 1278 840 1306 Stauridium
856 1277 1062 1316 bicuspidatum
1079 1278 1204 1307 eiusdem
1220 1278 1337 1314 autoris,
1352 1278 1386 1307 de
1401 1290 1458 1317 quo
1477 1289 1561 1317 supra
1577 1278 1632 1318 egi.
1661 1279 1825 1307 Secundum
1841 1279 1857 1308 f.
1872 1286 1901 1308 11
1918 1280 1974 1308 situ

403 1331 513 1361 vacuoli
527 1330 646 1359 solitarii
665 1341 727 1357 cum
744 1329 773 1356 P.
790 1329 981 1368 Ehrenbergii
998 1330 1143 1357 convenit.

528 1381 706 1411 E'Helier-ella
719 1384 872 1416 rem'rarsta
887 1380 977 1418 Turp.
994 1380 1079 1408 Mem.
1095 1380 1130 1407 du
1147 1381 1218 1408 Mus.
1234 1380 1325 1408 d'hist.
1342 1386 1399 1408 nat.
1414 1381 1495 1408 XVI.
1512 1381 1612 1417 (1527)
1635 1392 1661 1419 p.
1679 1387 1739 1409 318.
1760 1386 1779 1410 t.
1795 1381 1876 1410 XIII.
1897 1381 1915 1410 f.
1932 1387 1974 1411 20.

402 1435 506 1474 Figura
519 1432 639 1471 pessima
654 1431 816 1470 speciminis
831 1431 1042 1459 octocellularis
1058 1431 1166 1459 formae
1182 1436 1338 1467 truncatae,
1354 1431 1519 1459 cellularum
1539 1431 1692 1467 contentis,
1713 1437 1745 1459 ut
1759 1431 1880 1468 videtur,
1903 1443 1973 1461 con-

403 1485 499 1514 tractis
515 1484 637 1521 indeque
654 1483 734 1511 valde
747 1482 918 1511 rotundatis.

529 1535 541 1564 ?
556 1538 753 1562 Micrasterias
769 1537 922 1569 rem'mrpa
936 1533 1020 1561 Kiitz.
1037 1532 1107 1571 Syn.
1122 1532 1198 1560 Diat.
1213 1532 1243 1560 in
1257 1532 1342 1560 Linn.
1357 1533 1439 1560 VIII.
1462 1533 1561 1569 (1833)
1585 1543 1611 1571 p.
1628 1535 1679 1561 602
1700 1533 1748 1570 (ad
1762 1533 1881 1573 figuram
1898 1534 1974 1562 Tur-

403 1588 464 1627 pini
477 1586 650 1626 proposita).

529 1636 780 1671 ?P.renicarpum
797 1634 892 1663 Corda
909 1633 983 1662 Alm.
999 1634 1032 1662 de
1049 1633 1160 1663 Carlsb.
1178 1640 1245 1665 1839
1261 1645 1288 1672 p.
1306 1639 1356 1665 259
1374 1633 1421 1669 (ad
1437 1633 1555 1673 figuram
1572 1634 1720 1673 Turpini).

529 1691 562 1716 P.
575 1692 750 1716 biradiatum
765 1685 842 1714 Ralfs
856 1686 927 1714 Brit.
943 1686 1040 1713 Desm.
1057 1685 1157 1722 (1548)
1174 1696 1200 1724 p.
1220 1691 1276 1713 18²..
1295 1691 1370 1713 1.31.
1389 1685 1406 1713 s.
1431 1692 1437 1713 1
1454 1690 1481 1713 et
1497 1685 1522 1713 so.
1545 1685 1708 1724 Specimina
1723 1685 1830 1714 cellulis
1850 1688 1881 1715 16
1895 1697 1974 1715 com-

404 1740 496 1780 posita
510 1739 618 1768 formae
632 1752 646 1767 c
660 1741 731 1775 (var.
748 1747 776 1766 α.
793 1737 870 1765 Ralss
883 1737 900 1765 l.
917 1748 940 1765 c.
955 1736 972 1765 f.
990 1732 1057 1773 ,1)(1
1071 1738 1081 1773 )
1097 1742 1126 1765 et
1142 1736 1248 1765 formae
1262 1749 1280 1764 α
1296 1738 1367 1770 (var.
1382 1725 1421 1767 ,8.
1438 1736 1516 1764 Ralss
1532 1736 1548 1764 l.
1564 1747 1587 1764 c.
1603 1736 1620 1764 f.
1636 1737 1676 1772 ls).

530 1793 563 1818 P.
580 1794 686 1818 Bolula
701 1790 786 1817 Kiitz.
802 1789 889 1828 Pliyc.
905 1799 995 1827 germ.
1017 1788 1116 1824 (1843)
1138 1799 1164 1827 p.
1184 1789 1230 1816 1-’15
1248 1798 1279 1815 ex
1296 1798 1334 1826 p.7
1350 1788 1366 1815 i.
1383 1798 1406 1815 e.
1422 1798 1521 1815 omnes
1538 1787 1641 1816 formas
1658 1787 1690 1816 P.
1705 1787 1898 1827 Ehreubergii
1918 1800 1972 1817 una

405 1854 467 1871 cum
490 1845 522 1869 P.
540 1845 646 1869 Rotula
666 1840 872 1879 amplectens);
895 1839 969 1879 Niig.
991 1839 1065 1867 eiuz.
1088 1839 1154 1879 Alg.
1178 1839 1279 1875 (1849)
1300 1849 1327 1877 p.
1343 1844 1376 1869 95
1396 1840 1444 1876 (ex
1464 1836 1508 1879 p.)
1531 1844 1550 1866 t.
1570 1839 1601 1866 V.
1618 1838 1635 1867 f.
1653 1845 1677 1875 3,
1699 1849 1714 1867 a
1734 1844 1762 1867 et
1784 1838 1802 1868 s.
1824 1839 1925 1876 (Cous.
1941 1840 1972 1868 P.

404 1894 577 1928 candatum.)

530 1946 563 1972 P.
577 1946 752 1971 hiradiatum
767 1950 798 1970 α.
812 1944 915 1969 Tetras
933 1946 961 1970 et
975 1929 1013 1973 Β.
1029 1944 1169 1976 heptactis
1186 1942 1232 1977 (ex
1247 1940 1288 1979 p.)
1302 1940 1386 1969 Kiitz.
1404 1939 1454 1979 Sp.
1470 1939 1537 1980 Alg.
1553 1941 1653 1977 (1829)
1669 1951 1695 1979 p.
1715 1946 1774 1972 193.

542 2065 688 2100 Habitat
706 2065 742 2098 in
762 2064 862 2112 aquis
882 2062 1124 2112 stagnantibus
1142 2063 1313 2112 Europae
1342 2061 1592 2108 (Germaniae,
1621 2061 1826 2106 Helvetiae,
1856 2062 1973 2099 Bobe-

407 2132 508 2173 miae,
530 2128 746 2170 Britanniae,
771 2126 926 2170 Galliae)
949 2134 984 2161 et
1002 2126 1190 2161 Americae
1211 2126 1515 2176 septentrionalis.
1560 2125 1721 2160 Bet-oliui
1741 2134 1776 2161 et
1794 2126 1973 2162 Neodami

408 2192 576 2228 abundat.
615 2191 821 2241 Specimina
845 2192 898 2233 1-‚
928 2190 988 2234 CL,
1017 2190 1074 2233 4-‚
1104 2191 1142 2225 8-
1164 2198 1198 2225 et
1221 2190 1264 2225 16
1289 2189 1473 2225 cellularia
1497 2190 1634 2239 ubique
1660 2192 1875 2234 consociata,
1906 2204 1972 2227 nec

408 2269 481 2291 uon
498 2255 635 2290 formae
655 2261 838 2290 truncatae
858 2261 893 2289 et
911 2255 1048 2288 excisae
1066 2253 1164 2288 haud
1183 2266 1264 2288 raro
1285 2252 1414 2288 eodem
1434 2253 1517 2288 loco
1535 2255 1663 2288 mixtae
1683 2263 1892 2290 occurrunt.

473 2420 519 2459 (¹)
548 2427 580 2451 P.
595 2427 770 2451 biradinlum
783 2432 803 2450 (ι
817 2422 895 2451 Ralss
909 2427 1029 2461 propter
1043 2421 1207 2450 cellularum
1230 2421 1457 2461 magnitudinem
1477 2426 1505 2449 et
1525 2420 1605 2449 lobos
1624 2421 1794 2460 profundius
1812 2423 1917 2452 incisos
1936 2424 1970 2452 ad

410 2475 441 2502 P.
458 2473 561 2501 Rotula
576 2474 774 2511 adscrdserem,
788 2474 841 2502 nisi
857 2479 939 2502 autor
952 2473 1059 2502 discum
1074 2483 1187 2512 semper
1201 2473 1368 2502 continuum
1385 2482 1444 2500 esse
1460 2473 1656 2501 contenderet.
