2225 3020
983 203 1028 238 13

223 303 424 339 diversitate
444 316 535 353 opus
555 311 618 347 est,
644 316 735 353 quae
754 315 852 345 verO,
873 303 1060 352 quomodo
1082 304 1282 347 definiatur,
1302 318 1369 355 pro
1384 313 1550 356 tempore
1569 306 1664 342 haud
1680 306 1783 342 facile

222 366 474 410 dirimendum,
499 379 580 401 cum
600 366 800 416 permultae
820 369 993 411 rationes,
1022 376 1098 403 tum
1124 369 1168 403 ad
1194 371 1384 417 originem,
1408 377 1484 404 tum
1504 370 1548 405 ad
1567 378 1782 405 structuram

220 430 433 465 cellularum
461 432 754 479 propagantium,
777 433 987 479 praesertim
1007 439 1126 466 autem
1152 431 1196 466 ad
1221 431 1504 481 physiologicam
1531 446 1654 469 earum
1678 433 1781 468 indo-

218 493 302 537 lem,
325 493 644 528 foecun‹lationem
664 501 698 529 et
717 496 1025 543 germinationem,
1052 497 1274 544 pertinentes
1293 494 1457 530 nondum
1476 499 1556 532 satis
1576 497 1782 546 exploratae

218 559 299 591 sint.
338 556 596 591 Terminorum
615 559 721 605 igitur
740 556 1012 606 dispositionem
1035 559 1176 592 nonnisi
1193 556 1237 592 ad
1256 565 1411 607 tempus,
1435 560 1730 609 perpendendam
1749 568 1784 595 et

218 613 605 669 reputandam'potiuffi
631 633 738 669 quam
756 623 837 656 usui
856 620 1192 665 commendandam,
1216 634 1360 656 exarare
1380 624 1498 671 coepi.

358 682 558 732 Sporarum
575 691 609 718 et
628 683 858 732 gonidiorum
878 684 1118 719 differentiam
1134 687 1332 720 accuratius
1348 684 1585 721 determinare
1601 686 1687 721 olim
1708 694 1781 722 stu-

220 745 357 793 dui(¹),
373 760 480 795 quam
497 746 644 795 quidem
657 746 766 782 hodie
784 750 957 783 sustinere
974 746 1121 782 difficile
1139 746 1299 796 quidem,
1319 747 1382 783 sed
1394 761 1514 797 neque
1529 750 1778 799 incongruum,

218 805 339 858 neque
358 809 484 845 inutile
502 818 606 859 puto.
665 810 831 846 Gonidi
843 825 861 846 a
886 819 946 846 aut
964 813 999 845 in
1019 812 1103 860 ipsis
1123 810 1263 846 cellulis
1281 813 1485 861 vegetativis
1505 819 1565 846 aut
1583 814 1619 846 in
1638 813 1779 848 cellulis

218 886 237 908 a
255 872 459 908 charactere
468 876 668 923 vegetativo
683 876 799 909 minus
816 874 963 924 quidem
976 874 1229 909 recedentibus
1242 874 1452 917 formantur,
1467 875 1667 925 eademque
1678 878 1783 911 etiam

217 939 383 972 materiae
409 945 599 973 contentae
626 937 749 973 indole
772 945 807 973 et
830 937 956 974 colore
982 937 1123 973 cellulis
1146 940 1324 988 vegetavis
1354 938 1572 988 plerumque
1595 938 1721 974 similia
1746 952 1781 974 se

215 1001 402 1050 praebent,
426 1002 472 1035 ita
490 1008 530 1036 ut
548 1001 770 1051 cytoplasma
791 1004 891 1051 quasi
910 1002 953 1037 ab
973 1001 1126 1037 induviis
1146 1004 1349 1051 vegetativis
1365 1002 1525 1038 solutum
1539 1010 1574 1038 et
1592 1002 1782 1038 liberatum

217 1066 351 1099 sistant.
390 1063 644 1113 Integumento
673 1067 824 1114 proprio
850 1067 951 1100 tenui
975 1073 1010 1100 et
1033 1064 1135 1099 molli
1154 1065 1278 1100 induta
1292 1067 1408 1100 statim
1428 1074 1463 1101 et
1481 1079 1524 1101 ex
1541 1073 1620 1101 toto
1641 1065 1685 1101 ad
1704 1079 1780 1116 ger-

215 1129 447 1162 minationem
475 1127 692 1177 procedunt.
738 1129 770 1163 A
795 1128 963 1177 gonidiis,
1002 1141 1095 1178 quae
1122 1128 1211 1163 ciliis
1238 1129 1440 1164 vibratoriis
1470 1137 1681 1174 moventur,
1717 1142 1783 1180 per

215 1190 479 1240 microgonidia
510 1191 641 1226 sterilia
676 1191 834 1240 denique
867 1191 911 1227 ad
942 1191 1242 1241 spermatozoidia
1273 1192 1422 1228 ciliifera
1454 1195 1508 1229 via
1539 1193 1778 1243 aperitur(²).

216 1253 384 1304 Sporae
411 1262 445 1289 et
469 1256 559 1289 intra
585 1254 734 1290 cellulas
759 1269 778 1290 a
800 1256 1005 1304 vegetativis
1032 1257 1140 1305 magis
1167 1255 1377 1291 recedentes
1408 1264 1527 1291 ortum
1558 1256 1712 1301 ducunt,
1748 1265 1783 1293 et

215 1319 312 1367 ipsae
328 1324 583 1352 contentorum
600 1318 723 1353 indole
739 1325 872 1353 mutata
887 1326 922 1353 et
936 1317 1060 1353 colore
1075 1318 1250 1368 peculiari
1264 1318 1538 1369 distinguuntur.
1553 1320 1781 1370 Integumen-

214 1383 257 1416 tis
275 1382 432 1430 propriis
453 1380 642 1430 duplicatis
661 1381 719 1416 vel
738 1381 982 1431 multiplicatis
1002 1381 1145 1431 gonidia
1166 1384 1266 1431 (suasi
1285 1386 1454 1418 corticata
1481 1385 1626 1428 sistunt,
1653 1386 1779 1433 germi-

214 1446 358 1479 natione
388 1446 560 1479 corticem
588 1447 852 1494 (exosporium)
885 1453 1094 1495 rumpentes
1121 1453 1156 1480 et
1175 1454 1357 1482 exuentes.
1393 1445 1520 1482 Omnis
1540 1447 1701 1496 agilitatis
1720 1460 1778 1482 ex-

213 1515 345 1558 pertes,
371 1506 590 1543 dormientes
611 1510 721 1557 quasi,
742 1510 849 1544 vitam
869 1508 912 1544 ad
932 1517 1074 1558 tempus
1094 1512 1343 1559 germinationi
1361 1509 1534 1546 idoneum
1553 1519 1778 1547 conservant.

214 1571 409 1607 Caeterum
429 1584 447 1605 a
466 1583 655 1620 sporarum
681 1571 798 1606 forma
826 1571 988 1607 officium
1017 1573 1217 1608 masculum
1246 1586 1395 1623 quoque
1414 1573 1511 1609 haud
1531 1574 1687 1610 alienum
1706 1588 1781 1610 esse

214 1634 392 1684 probatur
416 1634 555 1683 polline
579 1634 951 1683 Phanerogamarum‚
989 1637 1052 1684 qui
1084 1635 1218 1672 directe
1250 1636 1523 1673 foecundationi
1547 1639 1711 1683 inservit,
1747 1646 1782 1674 et

215 1698 448 1746 microsporis
479 1697 842 1747 Lycopodiacearum
873 1706 908 1733 et
938 1697 1286 1749 Rhizocarpearum‚
1320 1702 1451 1749 quibus
1482 1701 1781 1751 spermatozoidia

214 1759 468 1796 foecundantia
488 1768 704 1809 generantur
714 1768 723 1805 (
735 1761 746 1781 ³
756 1766 784 1807 ).

213 1869 327 1899 minalia
341 1870 552 1909 protrudentes.
580 1870 673 1898 Aliam
689 1871 829 1899 rationem
851 1871 956 1900 habent
974 1882 1076 1910 Sporae
1091 1871 1321 1901 multicellulares
1342 1875 1451 1901 Pellz'ae
1471 1875 1671 1911 (Hnsmeister,
1690 1875 1779 1915 vergl.

214 1922 332 1950 Unters.
348 1932 374 1960 p.
390 1928 428 1949 10.
444 1926 463 1949 t.
474 1921 498 1949 4.
528 1923 687 1957 Grz'inland,
707 1921 735 1950 in
750 1922 826 1950 Ann.
845 1922 893 1951 des
907 1933 946 1950 sc.
966 1928 1023 1951 nat.
1039 1923 1088 1951 IV.
1107 1930 1129 1951 1.
1145 1934 1172 1962 p.
1192 1929 1231 1952 13.
1248 1929 1267 1951 t.
1284 1926 1322 1960 2),
1337 1935 1408 1962 quae
1424 1924 1578 1963 plantulam
1594 1926 1779 1966 germinalem

213 1972 335 2009 unicam,
352 1977 527 2010 praematura
543 1972 660 2001 cellulae
676 1972 865 2011 primordialis
881 1973 1020 2002 divisione
1035 1973 1194 2010 formatam,
1218 1974 1330 2003 sistunt.
1358 1975 1397 2003 Et
1414 1975 1529 2014 pollinis
1544 1977 1662 2016 granula
1682 1987 1696 2005 e
1716 1977 1779 2016 plu-

214 2023 291 2052 ribus
320 2023 427 2052 cellulis
450 2023 609 2062 composita
636 2024 759 2052 inveniri
786 2024 820 2053 de
843 2027 1044 2061 Coniferarum
1068 2025 1177 2064 polline
1203 2025 1384 2055 confirmavit
1417 2026 1578 2056 Schacht
1601 2026 1704 2068 (Beitr.
1728 2039 1779 2056 zur

214 2075 299 2103 Anat.
315 2085 342 2102 u.
358 2074 442 2113 Pliys.
457 2074 508 2103 der
523 2074 610 2102 Gew.
624 2086 650 2113 p.
668 2074 742 2116 148).

252 2148 254 2150 ’
292 2129 340 2173 (¹)
368 2136 560 2176 Verjiingung
574 2147 600 2175 p.
622 2138 678 2165 ¹³13.

291 2193 339 2235 (²)
366 2198 522 2227 Lichenum
544 2198 676 2238 gonidia‚
697 2210 763 2227 num
785 2198 923 2238 Algarum
944 2199 1069 2239 gonidiis
1092 2199 1222 2238 profecto
1243 2200 1364 2241 analoga
1385 2201 1457 2238 sint,
1485 2212 1544 2230 non
1569 2202 1634 2231 satis
1656 2202 1724 2231 mihi
1744 2203 1778 2232 li-

214 2254 289 2287 quet.
319 2248 450 2288 Origine,
465 2254 496 2277 ut
511 2250 631 2285 videtur,
646 2249 797 2289 endogena
812 2254 840 2278 et
854 2249 941 2278 libera
957 2260 1019 2278 cum
1037 2250 1161 2290 gonidiis
1182 2250 1321 2290 Algarum
1338 2253 1523 2288 conveniunt,
1544 2253 1591 2281 sed
1613 2253 1686 2282 intra
1707 2265 1777 2283 con-

215 2305 319 2328 textum
335 2298 413 2327 thalli
432 2305 542 2329 retenta
556 2300 585 2328 in
600 2300 713 2329 cellulas
729 2301 901 2341 vegetativas
920 2300 1032 2337 liberas,
1052 2312 1139 2331 novas
1154 2307 1183 2330 et
1197 2301 1309 2331 iteratas
1322 2303 1506 2342 gonidiorum
1520 2304 1607 2333 series
1622 2315 1776 2344 procrean-

214 2356 265 2387 tes,
280 2355 434 2378 mutantur.

290 2406 338 2450 (³)
366 2411 490 2451 Analogi
517 2412 584 2451 quid
619 2413 647 2441 in
675 2416 855 2450 Dacrymyce
880 2418 1085 2450 deliquescente
1115 2420 1144 2443 et
1175 2417 1278 2443 Peziza
1309 2418 1404 2443 bolari
1430 2415 1591 2445 observavit
1620 2417 1725 2447 Tulas
1735 2429 1752 2447 n
1762 2429 1776 2447 e

213 2462 306 2502 (Ann.
321 2463 369 2491 des
385 2473 423 2491 sc.
439 2468 495 2491 nat.
504 2463 556 2492 111.
571 2468 597 2495 9.
612 2475 639 2503 p.
656 2469 716 2494 215.
730 2470 750 2493 t.
768 2466 826 2503 13).
