2225 3020
995 213 1040 250 67

232 323 344 352 tatione
360 322 474 351 fovillae
494 332 508 350 e
523 320 649 361 granulis
664 320 780 360 pollinis
795 320 824 349 in
839 331 937 359 aquam
959 321 1089 350 immissis
1106 327 1252 360 comparat
1266 315 1322 359 (¹).
1362 322 1531 351 Processum
1551 321 1584 350 ab
1606 321 1658 351 hac
1679 322 1798 351 eiacula-

233 374 311 402 lione
326 374 460 402 materiae
476 372 618 401 cuiusdam
636 383 687 411 per
702 382 808 400 cornua
827 382 893 400 sane
913 372 1055 400 diversum
1080 373 1133 401 Me
1145 383 1212 412 yen
1223 373 1274 400 ius
1295 371 1459 401 observasse
1474 373 1595 408 videtur,
1622 373 1669 411 qui
1684 373 1798 402 cellulas

232 425 305 464 ipsas
320 425 464 454 dehiscere
479 429 508 452 et
521 433 618 462 sporas
635 423 764 451 emittere
780 423 928 451 contendit
950 429 1014 462 post
1031 429 1141 462 partum
1158 423 1246 452 libere
1265 429 1355 451 motas
1377 429 1404 451 et
1424 424 1545 462 denique
1562 435 1703 452 concursu
1724 424 1799 460 (for-

232 477 305 504 tuito
314 477 339 512 ?)
359 485 500 504 connexas
520 480 548 503 et
570 480 704 503 connatas
721 468 776 511 (²).
811 474 907 502 Serius
923 474 995 502 idem
1017 479 1116 502 auctor
1131 474 1255 512 Turpini
1270 484 1384 512 quoqne
1398 474 1627 503 observationem
1644 485 1658 504 e
1675 475 1798 513 propriis

231 537 260 556 se
279 527 448 555 confirmare
464 536 546 564 posse
561 525 730 564 praetendit,
758 524 899 563 duplicem
924 525 1024 553 exinde
1048 524 1274 553 fructificationis
1298 524 1423 553 indolem
1448 526 1598 554 admittens
1610 520 1666 563 (ἦ).
1701 526 1798 562 Quum

231 587 337 606 cornua
352 577 490 605 Pediastri
506 576 643 615 Boryani,
657 586 745 614 aeque
759 586 791 604 ac
806 576 921 604 aliarum
936 576 1105 615 specierum,
1120 585 1270 613 processus
1283 575 1463 604 membranae
1479 576 1619 605 cellularis
1632 576 1715 605 solidi
1731 577 1798 614 sint,

228 629 258 656 in
274 627 375 666 quibus
392 638 483 666 neque
499 633 634 656 contenta
648 637 662 655 a
676 626 832 654 substantia
849 626 1028 655 membranae
1048 626 1167 662 diversa,
1188 636 1281 664 neque
1304 626 1406 654 canalis
1423 636 1511 655 cornu
1528 627 1674 665 perforans
1698 628 1799 657 distin-

229 679 336 719 guitur‚
362 679 430 717 qnid
445 679 591 717 Turpinus
606 684 634 706 et
649 683 714 716 post
728 688 790 706 eum
807 678 955 717 Meyenius
974 677 1108 713 viderint,
1128 677 1272 705 coniicere
1287 688 1345 705 non
1368 677 1468 705 audeo.
1496 678 1621 717 Meyenii
1636 678 1798 707 observatio

228 730 318 769 prior,
338 730 409 758 baud
424 730 598 758 sufficienter
612 729 747 767 exposita,
772 735 866 757 utrum
885 729 917 757 ad
934 728 1157 767 macrogoniffia,
1183 739 1217 756 an
1232 728 1265 756 ad
1281 728 1490 767 microgonidia
1507 729 1653 757 reserenda
1668 730 1713 765 sit,
1738 741 1798 758 non

230 781 328 819 liquet.
345 782 367 808 E
379 781 394 808 li
405 791 438 809 re
450 792 467 809 n
478 780 494 809 b
504 791 518 808 e
527 791 540 808 r
549 780 607 819 giu
618 791 629 808 s
639 786 648 814 (
658 774 697 816 ⁴),
707 780 901 808 observationi
911 779 1105 818 Turpinianae
1116 779 1239 815 innixus,
1255 789 1361 808 cornua
1378 779 1489 808 ostiolis
1505 779 1646 817 perforata
1660 791 1719 808 esse
1732 792 1799 819 per-

229 843 339 860 suasum
361 832 444 860 habet
459 837 486 860 et
505 830 669 859 cellularum
684 831 834 860 societates
849 831 938 870 prima
959 831 1107 859 iuventute
1122 830 1261 859 divisione
1275 836 1433 869 spontanea
1447 829 1563 858 formari
1577 831 1731 868 suspicatus
1747 837 1798 860 est.

228 883 254 911 N
266 883 361 922 'tigeli
372 895 406 911 us
417 877 444 916 (5
454 884 463 918 )
475 893 488 911 e
498 882 661 911 cellularum
672 892 791 910 numero
803 893 852 920 per
862 882 1000 910 binarium
1017 881 1206 920 multiplicato
1221 881 1291 910 etin
1306 881 1509 919 speciminibus
1524 886 1590 909 natu
1606 882 1729 909 minimis
1744 883 1797 910 iam

231 934 374 973 completo
392 933 517 969 familias,
533 939 562 961 ut
575 933 602 961 in
613 936 811 969 Scenedesmo,
826 933 965 961 divisione
980 933 1100 972 repetita
1114 933 1188 960 intra
1203 933 1290 971 ipsam
1303 932 1431 961 cellulam
1447 932 1620 960 matricalem
1636 932 1752 960 formari
1771 938 1799 961 et

229 985 360 1014 omnibus
377 984 502 1023 partibus
518 984 686 1012 constitutas
702 984 778 1012 nasci
794 984 944 1019 conclusit,
965 984 991 1011 id
1008 984 1084 1022 quod
1100 984 1261 1012 confirmari
1276 983 1425 1012 videbatur
1439 983 1641 1012 observatione
1654 993 1707 1011 am.
1725 986 1798 1011 Cas-

225 1033 380 1073 paryi(⁰),
401 1036 448 1074 qui
469 1035 543 1064 Iulio
562 1041 628 1064 1350
646 1038 680 1063 Ρ.
703 1036 866 1071 „elliplici”
885 1035 1010 1064 stellulas
1033 1035 1171 1063 iuveniles
1186 1034 1318 1063 omnibus
1334 1034 1460 1073 partibus
1480 1034 1621 1062 absolutas
1643 1034 1703 1062 sine
1718 1040 1798 1063 motu

228 1087 419 1125 trepidatorio
436 1097 450 1115 e
464 1086 581 1115 vetustis
599 1097 787 1125 prorumpere
803 1086 882 1115 vidit.
915 1086 1014 1114 Talem
1030 1092 1125 1124 partus
1140 1086 1256 1114 modum
1272 1097 1440 1123 quamquam
1455 1086 1483 1113 in
1500 1085 1616 1113 dubium
1631 1095 1734 1114 vocare
1748 1096 1798 1114 ne-

228 1148 312 1176 queO,
327 1144 421 1165 tamen
438 1143 551 1176 praeter
565 1148 694 1166 normam
715 1138 954 1176 procrastinatum
977 1137 1116 1176 (gonidiis
1132 1137 1184 1165 iam
1200 1137 1274 1165 intra
1289 1137 1416 1165 cellulam
1434 1136 1606 1165 matricalem
1622 1136 1798 1173 coniunctis)

228 1189 385 1223 habuerim,
412 1200 497 1226 quum
526 1188 657 1226 equidem
686 1188 825 1216 coenobia
851 1199 865 1217 e
887 1199 1017 1217 connexu
1037 1188 1221 1227 gonidiorum
1237 1188 1385 1216 mobilium
1402 1194 1467 1226 post
1482 1193 1593 1226 partum
1610 1187 1725 1216 formari
1740 1198 1799 1216 non

229 1240 360 1278 simplici,
388 1240 435 1268 sed
452 1240 573 1278 repetita
588 1245 615 1267 et
631 1240 706 1267 varia
721 1245 883 1278 temporum
906 1245 934 1267 et
953 1239 1082 1267 locorum
1098 1233 1214 1275 vice(⁷)
1230 1239 1450 1267 observavernn.
1484 1239 1612 1266 Plurium
1639 1239 1798 1277 specierum

229 1291 321 1329 quoad
337 1291 573 1330 propagationem
583 1290 799 1329 comparatione
814 1291 937 1328 denique
952 1290 1128 1325 docebimur,
1143 1300 1216 1318 anne
1231 1290 1338 1328 species
1355 1290 1570 1329 propagationis
1585 1300 1665 1318 more
1681 1290 1756 1318 inter
1769 1300 1798 1318 se

227 1341 378 1376 differant3
405 1341 481 1369 inter
502 1340 638 1380 Casparyi
660 1347 688 1369 et
701 1342 831 1380 proprias
852 1341 1066 1370 observationes
1085 1351 1154 1369 vero
1169 1341 1237 1369 haec
1252 1340 1431 1369 differentiae
1452 1341 1524 1369 ratio
1547 1340 1726 1369 intercedere
1740 1351 1799 1369 non

304 1475 352 1517 (¹)
383 1478 466 1507 Mem.
488 1478 524 1507 du
539 1478 612 1506 Mus.
635 1474 727 1507 d⁷hist.
749 1484 805 1507 nat.
827 1479 904 1507 XVI.
924 1480 1023 1516 (1827)
1046 1490 1072 1518 p.
1087 1485 1149 1508 320.
1174 1479 1355 1518 „Lorsqu’on
1380 1478 1500 1507 observe
1525 1485 1601 1507 cette
1626 1479 1798 1518 production

227 1531 296 1560 dans
312 1542 349 1558 un
365 1530 420 1558 lieu
436 1529 534 1565 cbaud,
557 1529 575 1557 il
591 1529 662 1557 n'est
676 1540 723 1568 pas
743 1540 806 1557 rare
821 1529 855 1557 de
879 1530 942 1558 voir
960 1530 1100 1568 plusieurs
1116 1530 1163 1559 des
1179 1540 1281 1559 cornes
1296 1541 1466 1569 muqueuses
1482 1530 1586 1566 lancer,
1607 1530 1641 1558 de
1663 1531 1737 1559 leurs
1753 1542 1798 1559 ex—

227 1581 366 1616 tremites,
382 1591 436 1608 nne
452 1580 599 1619 poussiere
615 1580 649 1608 de
665 1579 823 1619 globules.’⁷

304 1639 352 1681 (²)
381 1645 444 1671 Act.
465 1649 520 1671 nat.
537 1654 596 1671 cur.
609 1643 626 1670 l.
642 1654 665 1671 c.
682 1654 708 1681 p.
725 1645 785 1673 77'1.
812 1643 876 1678 „Im
905 1642 987 1671 Alter
1013 1643 1128 1682 platzen
1155 1643 1200 1673 die
1215 1643 1315 1672 Zellen
1330 1643 1476 1684 allm'dhlig
1490 1643 1545 1679 ans,
1577 1644 1622 1672 die
1643 1632 1798 1684 gesanimte

228 1696 436 1735 Sporenmasse
453 1695 514 1722 tritt
528 1705 576 1722 aus
592 1694 689 1728 ihnen,
713 1694 765 1721 mit
779 1694 864 1722 freier
880 1694 1050 1733 Bewegung
1065 1694 1179 1733 begabt,
1197 1695 1310 1723 liei-vor.
1338 1695 1393 1723 Die
1409 1696 1522 1733 Sporen
1537 1695 1641 1723 trcsfen
1655 1696 1720 1724 sehr
1734 1697 1799 1725 bald

228 1757 402 1780 zusammen,
417 1745 598 1773 verwachsen
615 1756 670 1773 nur
685 1745 751 1773 leise
767 1745 818 1773 mit
834 1745 971 1773 einander
987 1746 1043 1773 und
1060 1746 1201 1774 verlieren
1216 1746 1331 1774 hiermit
1345 1746 1407 1774 ihre
1423 1747 1491 1775 sreie
1507 1747 1704 1786 Bewegung.'⁷

303 1809 350 1851 (³)
378 1815 511 1853 VViegm.
527 1813 614 1842 Arcb.
631 1813 675 1841 ffir
688 1814 808 1853 Na'turg.
828 1820 903 1842 1835.
920 1825 946 1852 p.
962 1819 1022 1846 fimf).
1049 1814 1121 1850 „nei
1144 1815 1195 1843 ‹ler
1216 1814 1348 1855 Gattung
1369 1815 1547 1843 Pediastrum
1562 1816 1727 1844 entwickelt
1739 1816 1799 1845 sich

228 1866 368 1894 zuweilen
386 1866 431 1894 ein
447 1865 553 1893 kleines
569 1864 812 1903 Fruchtknopsen,
833 1865 955 1893 welches
971 1865 1131 1905 ausspringt
1146 1866 1203 1894 und
1219 1866 1263 1894 die
1278 1866 1469 1906 feinkiirnige,
1490 1867 1541 1894 mit
1556 1866 1735 1906 Cboropbyll
1750 1879 1798 1907 ge-

227 1917 320 1945 fa'rbte
336 1918 543 1955 Sporenmnsse
564 1921 708 1944 austreten
732 1916 803 1951 l'aisst,
830 1927 886 1944 was
902 1916 990 1944 sehon
1013 1917 1125 1955 Turpin
1143 1917 1266 1956 geseben
1282 1917 1339 1945 und
1357 1917 1392 1945 im
1409 1928 1612 1957 vergangenen
1627 1918 1714 1946 Jabre
1729 1919 1797 1947 auch

228 1979 286 1997 von
302 1979 353 1996 uns
370 1967 541 1996 beobachtet
555 1967 674 1995 worden
691 1967 733 1995 ist.
764 1967 955 1995 Gewfflmlich
976 1968 1114 2007 springen
1131 1969 1174 1996 die
1190 1968 1289 1996 Zellen
1310 1968 1360 1997 der
1373 1968 1518 1996 Pedinstra
1533 1980 1567 1997 an
1582 1969 1632 1997 der
1644 1969 1743 2008 Spitze
1753 1966 1798 2005 (3)

229 2019 345 2047 aufund
361 2019 510 2047 enlleeren
531 2018 589 2046 sich
607 2018 681 2046 ohne
701 2017 860 2046 besondere
883 2018 1155 2057 Frnchtknopfchen
1183 2031 1218 2047 zu
1246 2019 1356 2054 bilslen3
1386 2019 1483 2048 solehe
1510 2020 1645 2059 doppelte
1668 2020 1722 2048 Art
1749 2021 1798 2049 der

228 2070 457 2109 Frucbtbildnng
472 2070 507 2097 ist
521 2069 588 2098 aber
603 2069 717 2098 beiden
734 2069 899 2098 Conserven
914 2080 987 2110 ganz
1005 2070 1214 2099 rrewbhnlichJ’

1003 2092 1020 2110 b

306 2128 352 2170 (⁴)
380 2133 468 2162 Infus.
484 2134 583 2170 (1838)
598 2144 624 2172 p.
644 2139 702 2162 155.

306 2191 353 2234 (⁵)
380 2197 461 2225 liinz.
478 2196 544 2237 Alg.
562 2198 662 2234 (1329)
677 2207 704 2234 p.
720 2196 763 2228 94.

306 2255 353 2296 (ὃ)
381 2260 446 2287 Boi.
462 2261 532 2289 Zeit.
553 2266 618 2289 1350
634 2272 662 2299 p.
679 2262 738 2290 786.

307 2317 355 2360 (⁷)
383 2323 509 2351 Primum
533 2324 667 2364 Friburgi
689 2324 858 2363 Brisgoviae
882 2323 927 2352 die
943 2324 974 2352 ‘lli
991 2324 1094 2352 mensis
1114 2323 1287 2352 Novembris
1310 2334 1332 2352 a.
1357 2325 1440 2358 ¹SJ183
1466 2330 1523 2352 tum
1544 2324 1649 2352 ibidem
1665 2324 1692 2353 d.
1708 2330 1742 2353 30
1760 2337 1796 2354 m.

230 2375 297 2403 Maii
316 2373 391 2409 18:29,
411 2384 466 2411 quo
487 2374 531 2402 die
546 2375 716 2404 Mettenium
733 2380 832 2403 testem
849 2374 931 2403 habui
959 2380 986 2403 et
1001 2376 1027 2403 d.
1048 2382 1075 2403 15
1093 2387 1128 2404 m.
1145 2375 1268 2415 Augusti
1286 2374 1412 2403 eiusdem
1432 2375 1508 2410 anni,
1530 2375 1654 2413 denique
1670 2376 1798 2405 Berolini

230 2425 256 2454 d.
274 2432 305 2454 23
321 2430 348 2453 et
362 2435 420 2462 seq.
437 2436 473 2452 m.
492 2424 600 2463 Aprilis
619 2432 683 2456 1852
705 2426 733 2454 in
756 2426 959 2465 speciminibus
975 2436 990 2455 e
1011 2426 1073 2455 lacu
1087 2426 1232 2456 Tirolensi
1247 2425 1370 2454 Zeller
1390 2426 1457 2455 See
1477 2437 1491 2454 a
1513 2426 1677 2455 Scndtnero
1697 2428 1797 2464 missis⁷

230 2481 379 2516 praesente
393 2476 439 2504 De
453 2476 559 2514 Baryo.

1463 2535 1516 2570 12
