2225 3020
964 194 1008 230 91

350 299 508 336 Varietas
525 299 646 349 potius
664 298 807 346 insignis
834 295 875 330 P.
897 296 1070 344 Boryam‘,
1102 309 1209 345 quam
1228 298 1363 345 species
1381 298 1540 346 propria.
1596 296 1759 333 Cellulae

212 366 248 399 in
278 363 530 414 speciminibus
562 361 900 404 Neodamensibus,
941 372 1033 409 quae
1064 361 1262 395 examinare
1287 359 1372 394 mihi
1400 359 1511 403 licuit,
1543 359 1651 409 paulo
1675 372 1759 410 pro-

211 427 355 463 fundius
386 427 619 474 emarginatae
647 437 753 474 quam
779 425 815 458 in
838 422 880 459 P.
910 423 1079 473 Boryano
1108 424 1252 473 typic03
1287 434 1354 457 nec
1384 435 1458 458 non
1476 422 1553 458 lobi
1571 425 1607 458 in
1626 436 1760 458 cornua

210 492 318 540 magis
337 490 519 524 attenuati.
558 488 768 523 Membrana
796 486 1009 522 cellularum
1036 488 1202 529 crassior,
1236 497 1351 534 aeque
1380 498 1419 520 ac
1449 499 1583 521 cornua
1612 489 1759 522 crassiu-

211 553 310 589 scula
341 560 376 588 et
408 552 536 587 obtusa
568 554 670 598 (non
702 549 927 600 capitellata)
959 550 1101 600 punctis
1130 547 1345 599 prominulis
1376 550 1457 584 satis
1483 549 1654 584 confertis
1686 562 1760 598 gra-

210 615 342 651 nulata.

346 671 413 700 Vidi
438 670 551 700 cellulas
566 677 580 700 8
599 670 788 710 dispositione
804 671 880 704 246
903 670 950 706 (ut
963 669 992 697 in
1012 668 1102 709 figura
1116 667 1276 705 Ralfsiana)
1300 672 1329 696 et
1346 670 1474 700 1-1-6-1-1
1488 681 1494 702 ;
1518 668 1579 697 cell.
1596 672 1626 697 16
1640 668 1759 707 disposi-

209 723 289 752 tione
307 728 468 759 1÷5÷1O‚
482 733 535 751 nec
551 732 610 750 non
625 728 657 751 32
672 722 700 750 in
715 721 834 750 sormam
849 720 1004 760 oblongam
1023 720 1058 748 ad
1071 719 1178 757 (244)
1193 723 1345 753 -1-11-1-15
1361 718 1519 757 dispositas.

346 774 482 802 Adnot.
511 772 598 809 Quod
615 772 682 801 olim
697 773 725 801 in
746 771 883 811 opusculo
899 771 933 800 de
947 770 1075 800 anabiosi
1097 773 1131 799 P.
1150 773 1300 805 granulati
1320 769 1437 798 nomine
1457 769 1572 798 salutavi
1592 769 1762 808 ipsissimum

210 830 252 853 est
266 827 300 853 P.
317 826 493 861 Boryanum‚
512 823 589 852 cuius
604 823 795 853 membranam
810 833 954 861 nunquam
969 822 1088 851 omnino
1102 820 1219 858 laevem,
1237 820 1286 850 sed
1299 830 1410 860 semper
1423 820 1511 860 magis
1526 826 1573 848 aut
1586 820 1677 849 minus
1692 830 1761 849 con-

208 875 305 914 spicue
319 881 481 915 punctatam
495 875 599 914 reperi.

350 972 419 1006 11?
446 971 490 1006 P.
515 970 747 1006 bidentulam.
792 968 958 1006 Cellulae
985 967 1106 1018 quoad
1132 967 1285 1002 formam
1310 968 1351 1002 iis
1374 966 1413 1003 P.
1437 966 1594 1017 Boryani
1618 965 1760 1010 similes,

209 1034 272 1071 sed
297 1047 432 1070 cornua
457 1036 557 1085 apice
589 1041 755 1070 truncato
770 1055 784 1060 -
799 1034 1032 1083 emarginata,
1067 1030 1267 1067 bidentula.
1315 1030 1527 1066 Membrana
1553 1029 1765 1065 cellularum

209 1098 342 1135 laevis?

347 1158 382 1183 Ρ.
399 1158 551 1190 emptam
570 1164 627 1182 var.
642 1142 682 1186 β.
696 1152 773 1182 Raifs
790 1152 861 1181 Brit.
875 1152 973 1181 Desm.
989 1151 1088 1189 (1348)
1103 1163 1131 1190 p.
1146 1157 1206 1180 138.
1222 1156 1243 1179 t.
1257 1156 1301 1179 31.
1316 1150 1335 1179 f.
1352 1156 1384 1179 10
1395 1160 1419 1186 a,
1433 1149 1461 1185 b,
1475 1160 1500 1178 c.

346 1213 388 1248 In
406 1212 587 1247 Britannia
606 1223 704 1261 pope
722 1210 989 1258 Southampton
1011 1211 1145 1246 invenit
1162 1208 1311 1244 Jenner.

346 1276 400 1311 Ex
414 1277 517 1311 icone
537 1277 685 1310 omnino
705 1276 841 1324 species
859 1275 1008 1324 propria
1027 1286 1102 1309 esse
1116 1271 1272 1309 videtur.
1305 1271 1402 1306 Lobi
1420 1270 1633 1306 cellularum
1652 1269 1763 1306 radia-

209 1340 309 1383 lium,
331 1347 372 1374 ut
389 1341 425 1373 in
443 1339 486 1373 P.
506 1339 695 1386 Boryano,
718 1338 856 1380 breves,
879 1336 942 1372 sed
961 1338 1057 1371 sinus
1071 1337 1276 1371 interiectus
1295 1334 1420 1384 paullo
1440 1335 1632 1383 angustior.
1672 1333 1763 1370 Cor-

210 1415 280 1438 nua
298 1401 443 1437 dimidia
460 1401 613 1436 cellulae
637 1399 873 1449 longitudine,
902 1398 1109 1450 cylindrica,
1138 1397 1383 1434 crassiuscula.
1427 1397 1542 1434 Color
1560 1399 1696 1432 intense
1713 1399 1764 1434 vi-

208 1465 305 1510 ridis,
336 1467 372 1500 in
386 1464 596 1500 coeruleum
613 1477 776 1512 vergens.

349 1521 476 1550 Cellulae
495 1521 650 1549 secundum
671 1520 775 1559 figuras
790 1519 886 1548 citatas
907 1524 956 1547 aut
975 1520 1018 1554 16,
1044 1517 1230 1556 dispositione
1247 1522 1399 1551 1÷5÷10
1418 1516 1532 1557 (figAO,
1546 1517 1586 1554 a),
1611 1522 1659 1545 aut
1672 1522 1716 1553 32,
1736 1517 1767 1546 in

208 1573 327 1601 sormam
348 1571 537 1600 orbicularem
551 1570 693 1610 spiraliter
712 1569 746 1598 ad
767 1572 997 1604 1÷6÷1o÷15
1013 1568 1055 1606 (?)
1077 1568 1122 1597 vel
1136 1567 1290 1608 oblongam
1311 1568 1344 1596 ad
1362 1567 1594 1602 4-1-24-10-1-16
1616 1567 1768 1607 dispositae

209 1623 272 1664 (sig.
289 1630 331 1659 10,
343 1622 360 1651 b
376 1628 404 1651 et
415 1623 454 1660 c).

351 1719 420 1754 12?
448 1718 490 1752 P.
511 1721 741 1752 constrictum
762 1715 948 1763 (Hassall).
986 1714 1028 1751 P.
1049 1715 1219 1765 Boryano
1238 1713 1372 1757 simile,
1402 1713 1464 1750 sed
1483 1714 1635 1750 cellulae
1653 1713 1766 1749 radia-

211 1784 263 1819 les
283 1785 362 1818 sinu
380 1783 574 1831 angustiori
593 1782 742 1824 excisae,
765 1779 858 1814 lobis
879 1781 1034 1815 exterius
1054 1777 1098 1814 ad
1117 1779 1216 1813 basin
1235 1790 1415 1813 cornuum
1435 1780 1646 1813 constrictis.
1675 1777 1766 1814 Cor-

211 1860 281 1882 nua
299 1859 425 1889 crassa,
449 1846 589 1880 obtusa.
627 1844 839 1879 Membrana
859 1842 1073 1878 cellularum
1090 1841 1222 1878 laevis?

347 1914 381 1939 P.
396 1913 567 1947 Boryanum
580 1899 619 1941 β.
634 1909 712 1938 Ralss
725 1908 800 1937 Ann.
816 1908 850 1937 of
862 1913 918 1937 nat.
935 1907 1000 1936 hist.
1016 1907 1085 1936 xw
1100 1907 1199 1945 (1844)
1214 1918 1241 1946 p.
1252 1907 1314 1938 470.
1328 1906 1347 1935 f.
1364 1913 1387 1936 s.

348 1965 383 1990 P.
398 1965 550 1998 ell1joticum
567 1960 646 1989 Ralfs
666 1960 739 1988 Brit.
764 1960 863 1988 Desm.
886 1958 985 1997 (1848)
1005 1969 1033 1998 p.
1051 1964 1109 1988 188.
1129 1964 1150 1987 t.
1167 1964 1209 1987 31.
1225 1957 1243 1986 f.
1262 1963 1303 1995 10,
1318 1957 1336 1986 d
1360 1956 1486 1995 (exclusa
1505 1968 1561 1987 var.
1574 1946 1603 1990 β
1619 1963 1647 1986 et
1667 1957 1767 1986 exclus.

212 2013 401 2053 synonymis).

349 2066 384 2092 P.
399 2067 586 2092 constrictum
599 2061 708 2090 Hassall
722 2061 796 2090 Brit.
811 2061 859 2089 Fr.
873 2071 910 2089 w.
924 2059 1016 2100 Algae
1030 2060 1129 2098 (1845)
1149 2071 1178 2099 p.
1193 2064 1254 2092 391.
1269 2065 1290 2088 t.
1306 2062 1348 2088 86.
1363 2058 1381 2087 f.
1400 2066 1440 2089 15.
1457 2062 1489 2088 16
1515 2059 1635 2099 (figurae
1650 2058 1769 2087 Ralssia-

214 2125 265 2144 nae
279 2114 446 2154 repetitae);
461 2115 544 2142 Kiitz.
561 2114 610 2152 Sp.
625 2113 691 2153 Alg.
707 2113 806 2150 (1849)
821 2123 848 2150 p.
866 2116 925 2143 192.

350 2173 394 2208 In
411 2172 591 2207 Britannia
611 2170 758 2217 (Ralfs).
794 2169 943 2220 Species
961 2168 1047 2203 mihi
1064 2167 1169 2204 valde
1187 2176 1363 2218 suspecta.

353 2240 525 2270 Cellularum
541 2250 675 2269 numerus
690 2245 738 2268 aut
758 2242 788 2268 16
816 2240 1014 2276 (1-1-5-1-10);
1042 2236 1120 2265 Ralss
1141 2238 1218 2265 Ann.
1234 2236 1252 2264 f.
1269 2243 1300 2271 83
1323 2237 1395 2266 Brit.
1411 2236 1429 2265 f.
1448 2242 1488 2272 10,
1502 2236 1535 2270 d;
1562 2235 1670 2264 Hassall
1684 2235 1703 2265 s.
1722 2241 1768 2270 16;

216 2299 263 2322 aut
277 2298 309 2322 32
324 2292 604 2329 (1-1-6-1-10-1-15)·.
622 2290 700 2320 Ralfs
715 2291 792 2319 Ann.
808 2290 826 2318 f.
843 2296 874 2324 8;
888 2288 998 2317 Hassall
1012 2288 1030 2316 s.
1048 2293 1088 2317 15.

356 2388 414 2424 13.
446 2386 488 2421 Ρ.
501 2389 652 2436 gracile.
696 2385 862 2423 Cellulae
887 2385 909 2420 4
934 2384 1098 2420 lacunam
1121 2382 1276 2419 mediam
1299 2382 1534 2426 includentes,
1564 2384 1676 2418 rarius
1694 2396 1767 2419 me·

220 2452 280 2488 dio
300 2454 508 2501 contiguae,
531 2451 606 2486 basi
622 2451 781 2487 breviter
799 2451 1011 2485 coniunctae
1024 2476 1033 2492 ‚
1061 2447 1104 2483 ad
1124 2446 1284 2483 medium
1302 2445 1377 2482 fere
1395 2446 1551 2491 bilobae,
1574 2445 1666 2482 lobis
1685 2459 1766 2483 ova-

1403 2509 1481 2544 ΜΞ
