2225 3020
989 210 1037 245 43

230 315 294 360 dit,
318 328 438 365 neque
457 317 493 350 in
512 326 662 349 acumen
682 312 868 359 intrat(¹).
904 311 1047 347 Cellula
1063 325 1146 346 cum
1166 313 1284 361 stipite
1299 311 1469 361 angulum
1485 312 1655 346 obtusum
1673 310 1795 351 efficit,

229 381 342 415 rarius
363 379 552 414 suberecta
570 376 628 412 vel
647 374 968 415 subhorizontalis·,
998 374 1128 410 eodem
1148 374 1222 410 fere
1242 374 1373 423 angulo
1393 388 1543 410 acumen
1561 374 1620 411 vel
1638 382 1795 409 rostrum

229 441 383 478 cellulae
401 442 577 481 inseritur,
597 439 641 475 ad
656 439 882 475 horizontem
897 437 1115 488 plerumque
1136 436 1321 478 directum,
1341 439 1413 472 imo
1433 437 1603 473 deorsum
1622 445 1794 487 spectans.

229 504 476 556 Cytioplasma
494 506 632 539 intense
650 502 776 546 viride,
808 501 1246 551 punctato-granulosum,
1269 508 1329 535 aut
1347 513 1414 549 per
1432 508 1548 535 totum
1568 500 1720 536 cellulae
1740 500 1793 537 lu-

228 581 310 604 men
331 569 556 611 continuum,
580 574 639 601 aut
656 568 692 601 in
711 566 966 615 speciminibus
986 572 1099 600 aetate
1118 564 1409 614 provectioribus
1428 577 1702 613 nonnumquam
1722 566 1793 601 evi-

229 631 357 667 denter
376 630 668 676 excavatum(²)‚
699 628 849 678 globulo
877 627 1119 678 (amylaceo‘ss)
1139 634 1199 662 aut
1224 626 1391 670 centrali,
1421 634 1481 661 aut
1499 626 1543 661 ad
1568 627 1660 662 latus
1684 630 1793 663 inter-

227 708 313 730 num
328 696 426 729 strati
444 693 642 744 plasmatici
657 692 837 742 parietalis
857 694 923 727 sito
943 693 1170 726 instructum.
1217 690 1259 725 In
1278 690 1535 740 speciminibus
1556 690 1673 726 hieme
1693 690 1794 726 lectis

227 757 461 808 cytioplasma
487 759 595 806 magis
622 755 854 805 granulosum
875 754 1094 801 (oleosum‘ff)
1123 753 1197 789 vidi
1215 761 1251 788 ct
1276 753 1400 788 colore
1426 752 1650 788 fusco-luteo
1669 754 1792 803 persu-

226 835 317 865 sum,
341 820 530 870 globulum
549 832 636 856 vero
656 832 806 854 amoene
826 818 1239 854 vinoso-rubescentem.
1261 816 1401 852 Divisio
1420 815 1701 866 cytioplasmatis
1720 817 1791 852 cel-

227 884 322 920 lulae
342 886 564 919 incremento
584 883 748 933 perfecto
768 884 893 932 incipit
911 889 947 916 et
965 893 1066 916 more
1086 879 1193 915 solito
1213 879 1470 930 procedit(³),
1501 878 1657 928 globulis
1684 881 1720 914 in
1738 879 1792 914 ul-

228 949 419 984 terioribus
440 947 622 983 divisionis
642 945 811 996 gradibus
831 944 1140 981 evanescentibus.
1180 943 1312 993 Neque
1338 941 1551 992 zoogonidia
1574 941 1735 992 perfecta
1761 951 1795 978 et

228 1012 365 1060 agitata,
389 1023 509 1060 neque
529 1010 678 1045 cellulas
699 1017 839 1059 apertas
859 1016 894 1044 et
912 1015 1097 1044 evacuatas
1116 1006 1202 1044 vidi.

902 1076 984 1105 Tab.
1005 1077 1058 1105 III.
1080 1075 1115 1105 C.

381 1139 404 1159 1.
433 1130 585 1169 Specimen
606 1136 673 1158 natu
692 1129 850 1157 minimum.

379 1182 473 1210 2—1'4.
502 1181 665 1220 Specimina
684 1180 827 1216 iuvenilia,
847 1178 966 1219 globulo
986 1178 1151 1217 conspicuo.

381 1238 405 1260 5.
435 1232 588 1270 Speciinen
611 1231 784 1270 perfectum,
811 1230 1027 1270 cytioplasmate
1053 1233 1185 1257 excavato
1211 1227 1355 1266 pariendi,
1376 1226 1495 1266 globulo
1521 1226 1640 1266 paginae
1665 1226 1795 1255 interiori

228 1283 306 1310 strati
327 1282 482 1321 plasmatici
502 1282 682 1311 adhaerente.

378 1336 403 1362 6.
432 1333 585 1372 Specimen
604 1333 729 1361 tinctura
747 1331 806 1360 iodi
825 1336 985 1365 tractatum,
1005 1329 1220 1370 cytioplasmate
1235 1334 1360 1357 retracto
1380 1327 1552 1356 rufo-fusco.

381 1389 404 1414 7.
434 1384 586 1422 Specimen
607 1383 730 1423 globulis
750 1382 834 1417 binis,
853 1381 1022 1409 divisionem
1043 1381 1196 1409 instantem
1217 1378 1417 1407 indicantibus.

379 1442 481 1464 8—11.
509 1434 673 1474 Specimina
692 1432 915 1473 cytioplasmatis
935 1431 1102 1460 divisionem
1122 1442 1173 1470 per
1191 1430 1267 1459 varia
1285 1430 1372 1458 stadia
1388 1429 1637 1469 repraesentantia.

786 1478 833 1498 600

804 1509 811 1528 ¹
872 1488 979 1512 auctae.

430 1486 553 1526 figurae
573 1485 765 1524 proportione

368 1620 404 1655 9.
437 1619 681 1668 Ch.l071gipes
703 1617 919 1664 (Rabenh.).
976 1615 1121 1652 Cellula
1148 1616 1336 1651 suberecta
1355 1614 1412 1651 vel
1432 1614 1610 1659 inclinata,
1633 1616 1794 1651 subobli-

230 1697 313 1734 qua,
337 1685 518 1733 angustius
536 1682 595 1718 vel
619 1682 724 1716 latius
750 1680 962 1724 lanceolata,
995 1682 1095 1730 apice
1118 1681 1154 1714 in
1174 1691 1324 1714 acumen
1344 1677 1530 1728 hyalinum
1555 1686 1715 1714 erectum
1738 1679 1797 1715 vel

229 1747 492 1796 subobliquum
511 1745 711 1796 producta3
734 1746 843 1794 stipes
862 1746 1089 1787 tenerrimus,
1113 1742 1311 1791 elongatuS,
1336 1740 1519 1776 dimidiam
1536 1741 1595 1777 vel
1614 1744 1726 1778 rarius
1740 1751 1794 1778 to-

229 1819 300 1846 tam
319 1810 488 1846 cellulam
507 1808 733 1858 longitudine
758 1821 934 1857 aequans,
962 1807 1038 1841 basi
1060 1808 1096 1841 in
1126 1804 1306 1840 nodulum
1328 1804 1601 1841 subcoloratum
1625 1807 1795 1841 incrassa-

228 1883 308 1918 tus·,
343 1873 578 1924 cytioplasma
610 1871 867 1922 gmnulosum,
902 1870 1122 1921 plerumque
1154 1868 1294 1904 macula
1324 1867 1467 1918 hyalina
1499 1871 1699 1904 excentrica
1731 1883 1795 1905 no—

227 1947 352 1982 tatum,
378 1964 386 1973 .
412 1964 419 1972 .
446 1963 454 1972 .

381 2010 428 2035 Ch.
447 2009 575 2040 longspes
594 2003 722 2032 Rabenh.
742 2003 809 2043 Alg.
830 2003 890 2031 dec.
910 2003 1021 2031 XVIII.
1040 2002 1096 2030 No.
1116 2005 1159 2031 ¹71
1183 2001 1302 2038 (1852);
1318 2000 1469 2040 Hedwigia
1488 2001 1544 2029 No.
1563 2006 1580 2032 9
1599 2002 1699 2038 (185-3)
1718 2007 1737 2030 t.
1753 2009 1778 2034 9.

366 2065 410 2100 In
429 2072 552 2113 stagno
573 2061 617 2097 ad
638 2061 888 2108 Nickolsdorf‘
899 2073 1018 2111 prope
1038 2060 1252 2109 Konigstein
1279 2057 1457 2094 Saxoniae
1474 2057 1607 2094 detexit
1624 2058 1655 2094 R
1667 2060 1794 2095 aben-

230 2128 358 2163 horst
386 2128 481 2163 1852
509 2129 545 2162 in
570 2125 640 2160 filis
662 2124 869 2174 Oedogonii
895 2131 929 2159 et
947 2122 1147 2159 Ulotrichis
1172 2124 1400 2172 parasiticum
1419 2135 1489 2156 una
1509 2135 1591 2156 cum
1611 2122 1796 2158 Clzaracio

232 2192 370 2227 obtuso.
391 2190 494 2226 Idem
515 2192 582 2225 iam
603 2201 697 2224 anno
719 2188 827 2232 1849,
850 2187 913 2223 sed
933 2188 1150 2237 parcissime,
1181 2186 1347 2235 Friburgi
1366 2185 1570 2234 Brisgoviae
1596 2185 1639 2220 ad
1664 2199 1795 2236 pagum

232 2255 452 2304 Hugstetlen
471 2253 558 2288 mihi
577 2253 736 2293 obvenit,
759 2251 844 2287 loco
864 2250 1038 2300 Algarum
1065 2251 1294 2284 minimarum
1322 2248 1560 2293 fertilissimo,
1598 2251 1634 2283 in
1658 2249 1795 2298 Hypno

306 2405 354 2453 (¹)
382 2409 452 2438 Tan.
469 2409 520 2438 111.
540 2409 573 2439 c.
594 2410 612 2438 f.
627 2416 651 2439 0.
705 2403 753 2447 (²)
781 2408 931 2437 1bid.f.5.
985 2401 1033 2445 (³)
1060 2406 1131 2435 ibid.
1152 2406 1299 2435 ts-m.

1467 2462 1495 2498 F
1512 2463 1534 2497 2
