<?xml version="1.0" encoding="UTF-8"?>
<!DOCTYPE html PUBLIC "-//W3C//DTD XHTML 1.0 Transitional//EN"
    "http://www.w3.org/TR/xhtml1/DTD/xhtml1-transitional.dtd">
<html xmlns="http://www.w3.org/1999/xhtml" xml:lang="en" lang="en">
 <head>
  <title>
</title>
<meta http-equiv="Content-Type" content="text/html;charset=utf-8" />
  <meta name='ocr-system' content='tesseract 3.04.00' />
  <meta name='ocr-capabilities' content='ocr_page ocr_carea ocr_par ocr_line ocrx_word'/>
</head>
<body>
  <div class='ocr_page' id='page_1' title='image "algarumunicellul00brau_0025.png"; bbox 0 0 2225 3020; ppageno 0'>
   <div class='ocr_carea' id='block_1_1' title="bbox 989 201 1030 235">
    <p class='ocr_par' dir='ltr' id='par_1_1' title="bbox 989 201 1030 235">
     <span class='ocr_line' id='line_1_1' title="bbox 989 201 1030 235; baseline 0 0"><span class='ocrx_word' id='word_1_1' title='bbox 989 201 1030 235; x_wconf 92' lang='lat'>11</span> 
     </span>
    </p>
   </div>
   <div class='ocr_carea' id='block_1_2' title="bbox 227 300 1693 415">
    <p class='ocr_par' dir='ltr' id='par_1_2' title="bbox 227 300 1693 415">
     <span class='ocr_line' id='line_1_2' title="bbox 227 300 1644 353; baseline 0.001 -16"><span class='ocrx_word' id='word_1_2' title='bbox 227 301 270 337; x_wconf 90' lang='lat' dir='ltr'>C.</span> <span class='ocrx_word' id='word_1_3' title='bbox 301 302 409 353; x_wconf 85' lang='lat' dir='ltr'>poly</span> <span class='ocrx_word' id='word_1_4' title='bbox 421 316 469 352; x_wconf 90' lang='lat' dir='ltr'>cy</span> <span class='ocrx_word' id='word_1_5' title='bbox 480 301 545 337; x_wconf 93' lang='lat' dir='ltr'>tid</span> <span class='ocrx_word' id='word_1_6' title='bbox 556 314 628 337; x_wconf 87' lang='lat' dir='ltr'>eae</span> <span class='ocrx_word' id='word_1_7' title='bbox 648 314 676 336; x_wconf 86' lang='lat' dir='ltr'>s.</span> <span class='ocrx_word' id='word_1_8' title='bbox 700 300 1072 337; x_wconf 85' lang='lat' dir='ltr'>multicellulares</span> <span class='ocrx_word' id='word_1_9' title='bbox 1083 330 1092 346; x_wconf 93' lang='lat'>,</span> <span class='ocrx_word' id='word_1_10' title='bbox 1116 301 1220 352; x_wconf 83' lang='lat' dir='ltr'>cyclo</span> <span class='ocrx_word' id='word_1_11' title='bbox 1239 301 1337 338; x_wconf 82' lang='lat' dir='ltr'>vitali</span> <span class='ocrx_word' id='word_1_12' title='bbox 1355 302 1644 339; x_wconf 89' lang='lat' dir='ltr'>multicellulari:</span> 
     </span>
     <span class='ocr_line' id='line_1_3' title="bbox 310 364 1693 415; baseline 0 -14"><span class='ocrx_word' id='word_1_13' title='bbox 310 372 348 412; x_wconf 82' lang='lat' dir='ltr'>a)</span> <span class='ocrx_word' id='word_1_14' title='bbox 378 366 402 401; x_wconf 93' lang='lat' dir='ltr'>h</span> <span class='ocrx_word' id='word_1_15' title='bbox 412 378 433 400; x_wconf 93' lang='grc' dir='ltr'><strong>ο</strong></span> <span class='ocrx_word' id='word_1_16' title='bbox 444 379 478 400; x_wconf 91' lang='lat' dir='ltr'>m</span> <span class='ocrx_word' id='word_1_17' title='bbox 486 377 508 399; x_wconf 94' lang='lat' dir='ltr'>o</span> <span class='ocrx_word' id='word_1_18' title='bbox 519 377 537 399; x_wconf 93' lang='lat' dir='ltr'>e</span> <span class='ocrx_word' id='word_1_19' title='bbox 546 377 567 399; x_wconf 94' lang='lat' dir='ltr'>o</span> <span class='ocrx_word' id='word_1_20' title='bbox 577 366 665 414; x_wconf 90' lang='lat' dir='ltr'>cyti</span> <span class='ocrx_word' id='word_1_21' title='bbox 675 364 697 399; x_wconf 95' lang='lat' dir='ltr'>d</span> <span class='ocrx_word' id='word_1_22' title='bbox 708 377 726 399; x_wconf 90' lang='lat' dir='ltr'>e</span> <span class='ocrx_word' id='word_1_23' title='bbox 736 377 754 399; x_wconf 91' lang='lat' dir='ltr'>a</span> <span class='ocrx_word' id='word_1_24' title='bbox 762 377 781 400; x_wconf 90' lang='lat' dir='ltr'>e</span> <span class='ocrx_word' id='word_1_25' title='bbox 789 391 798 408; x_wconf 91' lang='lat'>‚</span> <span class='ocrx_word' id='word_1_26' title='bbox 822 364 962 399; x_wconf 91' lang='lat' dir='ltr'>cellulis</span> <span class='ocrx_word' id='word_1_27' title='bbox 983 365 1124 411; x_wconf 90' lang='lat' dir='ltr'>(saltem</span> <span class='ocrx_word' id='word_1_28' title='bbox 1144 367 1362 415; x_wconf 79' lang='lat' dir='ltr'>vegetativis)</span> <span class='ocrx_word' id='word_1_29' title='bbox 1383 366 1667 402; x_wconf 87' lang='lat' dir='ltr'>subsimilaribus</span> <span class='ocrx_word' id='word_1_30' title='bbox 1686 380 1693 401; x_wconf 92' lang='lat'>:</span> 
     </span>
    </p>
   </div>
   <div class='ocr_carea' id='block_1_3' title="bbox 399 431 1789 724">
    <p class='ocr_par' dir='ltr' id='par_1_3' title="bbox 399 431 1789 724">
     <span class='ocr_line' id='line_1_4' title="bbox 399 431 1788 473; baseline 0.001 -12"><span class='ocrx_word' id='word_1_31' title='bbox 399 434 436 469; x_wconf 82' lang='lat' dir='ltr'>a)</span> <span class='ocrx_word' id='word_1_32' title='bbox 463 443 474 460; x_wconf 90' lang='lat' dir='ltr'>s</span> <span class='ocrx_word' id='word_1_33' title='bbox 485 431 523 460; x_wconf 90' lang='lat' dir='ltr'>ch</span> <span class='ocrx_word' id='word_1_34' title='bbox 534 431 541 459; x_wconf 90' lang='lat' dir='ltr'>i</span> <span class='ocrx_word' id='word_1_35' title='bbox 552 443 566 460; x_wconf 90' lang='lat' dir='ltr'>z</span> <span class='ocrx_word' id='word_1_36' title='bbox 577 442 594 460; x_wconf 92' lang='grc' dir='ltr'>ο</span> <span class='ocrx_word' id='word_1_37' title='bbox 603 431 676 470; x_wconf 87' lang='lat' dir='ltr'>cyti</span> <span class='ocrx_word' id='word_1_38' title='bbox 686 431 703 460; x_wconf 95' lang='lat' dir='ltr'>d</span> <span class='ocrx_word' id='word_1_39' title='bbox 714 442 728 460; x_wconf 89' lang='lat' dir='ltr'>e</span> <span class='ocrx_word' id='word_1_40' title='bbox 737 442 751 460; x_wconf 83' lang='lat' dir='ltr'>a</span> <span class='ocrx_word' id='word_1_41' title='bbox 760 442 774 460; x_wconf 87' lang='lat' dir='ltr'>e</span> <span class='ocrx_word' id='word_1_42' title='bbox 783 453 791 467; x_wconf 92' lang='lat'>,</span> <span class='ocrx_word' id='word_1_43' title='bbox 816 431 924 460; x_wconf 83' lang='lat' dir='ltr'>cellulis</span> <span class='ocrx_word' id='word_1_44' title='bbox 948 432 1025 461; x_wconf 83' lang='lat' dir='ltr'>inter</span> <span class='ocrx_word' id='word_1_45' title='bbox 1050 444 1079 461; x_wconf 90' lang='lat' dir='ltr'>se</span> <span class='ocrx_word' id='word_1_46' title='bbox 1101 433 1162 472; x_wconf 87' lang='lat' dir='ltr'>plus</span> <span class='ocrx_word' id='word_1_47' title='bbox 1184 433 1313 461; x_wconf 85' lang='lat' dir='ltr'>minusve</span> <span class='ocrx_word' id='word_1_48' title='bbox 1335 434 1471 471; x_wconf 78' lang='lat' dir='ltr'>separatis</span> <span class='ocrx_word' id='word_1_49' title='bbox 1491 433 1621 473; x_wconf 87' lang='lat' dir='ltr'><strong>(pseudo</strong></span> <span class='ocrx_word' id='word_1_50' title='bbox 1630 433 1788 463; x_wconf 83' lang='lat' dir='ltr'>-unicellu-</span> 
     </span>
     <span class='ocr_line' id='line_1_5' title="bbox 465 482 568 518; baseline 0.01 -8"><span class='ocrx_word' id='word_1_51' title='bbox 465 482 568 518; x_wconf 82' lang='lat' dir='ltr'>lares):</span> 
     </span>
     <span class='ocr_line' id='line_1_6' title="bbox 525 532 1789 573; baseline 0.002 -12"><span class='ocrx_word' id='word_1_52' title='bbox 525 533 558 569; x_wconf 74' lang='lat'>²¹¹)</span> <span class='ocrx_word' id='word_1_53' title='bbox 586 544 600 561; x_wconf 89' lang='lat' dir='ltr'>c</span> <span class='ocrx_word' id='word_1_54' title='bbox 610 533 625 561; x_wconf 87' lang='lat' dir='ltr'><strong>h</strong></span> <span class='ocrx_word' id='word_1_55' title='bbox 636 543 653 561; x_wconf 93' lang='lat' dir='ltr'>o</span> <span class='ocrx_word' id='word_1_56' title='bbox 664 533 758 561; x_wconf 88' lang='lat' dir='ltr'>risto</span> <span class='ocrx_word' id='word_1_57' title='bbox 769 532 786 561; x_wconf 91' lang='lat' dir='ltr'>b</span> <span class='ocrx_word' id='word_1_58' title='bbox 796 533 802 560; x_wconf 96' lang='lat' dir='ltr'>i</span> <span class='ocrx_word' id='word_1_59' title='bbox 812 543 863 569; x_wconf 82' lang='lat' dir='ltr'>ae,</span> <span class='ocrx_word' id='word_1_60' title='bbox 879 533 987 562; x_wconf 89' lang='lat' dir='ltr'>cellulis</span> <span class='ocrx_word' id='word_1_61' title='bbox 1002 533 1123 562; x_wconf 91' lang='lat' dir='ltr'>omnino</span> <span class='ocrx_word' id='word_1_62' title='bbox 1137 533 1312 573; x_wconf 79' lang='lat' dir='ltr'>segregatis:</span> <span class='ocrx_word' id='word_1_63' title='bbox 1335 536 1482 566; x_wconf 80' lang='lat' dir='ltr'>Navicula,</span> <span class='ocrx_word' id='word_1_64' title='bbox 1507 538 1686 571; x_wconf 81' lang='lat' dir='ltr'>Closterium,</span> <span class='ocrx_word' id='word_1_65' title='bbox 1706 538 1789 563; x_wconf 81' lang='lat' dir='ltr'>Pleu-</span> 
     </span>
     <span class='ocr_line' id='line_1_7' title="bbox 585 587 955 618; baseline 0.003 -7"><span class='ocrx_word' id='word_1_66' title='bbox 585 595 729 616; x_wconf 82' lang='lat' dir='ltr'>rococcus,</span> <span class='ocrx_word' id='word_1_67' title='bbox 745 587 938 612; x_wconf 75' lang='lat' dir='ltr'>Chroococcus</span> <span class='ocrx_word' id='word_1_68' title='bbox 949 598 955 618; x_wconf 85' lang='lat'><em>;</em></span> 
     </span>
     <span class='ocr_line' id='line_1_8' title="bbox 504 633 1789 674; baseline 0.002 -11"><span class='ocrx_word' id='word_1_69' title='bbox 504 634 557 672; x_wconf 67' lang='lat'>**)</span> <span class='ocrx_word' id='word_1_70' title='bbox 584 646 596 663; x_wconf 91' lang='lat' dir='ltr'>s</span> <span class='ocrx_word' id='word_1_71' title='bbox 606 646 649 674; x_wconf 82' lang='lat' dir='ltr'>yn</span> <span class='ocrx_word' id='word_1_72' title='bbox 660 645 700 663; x_wconf 86' lang='lat' dir='ltr'>oe</span> <span class='ocrx_word' id='word_1_73' title='bbox 710 634 774 663; x_wconf 89' lang='lat' dir='ltr'>coh</span> <span class='ocrx_word' id='word_1_74' title='bbox 788 635 849 671; x_wconf 81' lang='lat' dir='ltr'>iae,</span> <span class='ocrx_word' id='word_1_75' title='bbox 865 635 974 664; x_wconf 87' lang='lat' dir='ltr'>cellulis</span> <span class='ocrx_word' id='word_1_76' title='bbox 990 634 1112 663; x_wconf 83' lang='lat' dir='ltr'>induviis</span> <span class='ocrx_word' id='word_1_77' title='bbox 1126 633 1293 674; x_wconf 82' lang='lat' dir='ltr'>gelatinosis</span> <span class='ocrx_word' id='word_1_78' title='bbox 1308 634 1367 663; x_wconf 82' lang='lat' dir='ltr'>laxe</span> <span class='ocrx_word' id='word_1_79' title='bbox 1382 635 1530 671; x_wconf 79' lang='lat' dir='ltr'>connexis,</span> <span class='ocrx_word' id='word_1_80' title='bbox 1545 636 1572 664; x_wconf 92' lang='lat' dir='ltr'>in</span> <span class='ocrx_word' id='word_1_81' title='bbox 1589 636 1706 666; x_wconf 75' lang='lat' dir='ltr'>familias</span> <span class='ocrx_word' id='word_1_82' title='bbox 1718 648 1789 666; x_wconf 81' lang='lat' dir='ltr'>con-</span> 
     </span>
     <span class='ocr_line' id='line_1_9' title="bbox 580 685 1771 724; baseline 0.003 -11"><span class='ocrx_word' id='word_1_83' title='bbox 580 685 709 714; x_wconf 80' lang='lat' dir='ltr'>sociatis:</span> <span class='ocrx_word' id='word_1_84' title='bbox 724 689 920 718; x_wconf 70' lang='lat' dir='ltr'>Srhz&#39;zonema,</span> <span class='ocrx_word' id='word_1_85' title='bbox 935 688 1147 718; x_wconf 78' lang='lat' dir='ltr'>Hormospora,</span> <span class='ocrx_word' id='word_1_86' title='bbox 1162 688 1412 722; x_wconf 79' lang='lat' dir='ltr'>Palmodactylnn,</span> <span class='ocrx_word' id='word_1_87' title='bbox 1432 689 1584 719; x_wconf 80' lang='lat' dir='ltr'>Palmella,</span> <span class='ocrx_word' id='word_1_88' title='bbox 1603 690 1771 724; x_wconf 48' lang='lat' dir='ltr'>Hydrurux</span> 
     </span>
    </p>
   </div>
   <div class='ocr_carea' id='block_1_4' title="bbox 388 734 1788 833">
    <p class='ocr_par' dir='ltr' id='par_1_4' title="bbox 388 734 1788 833">
     <span class='ocr_line' id='line_1_10' title="bbox 388 734 1788 785; baseline 0.001 -9"><span class='ocrx_word' id='word_1_89' title='bbox 388 734 432 780; x_wconf 62' lang='grc' dir='ltr'>Β)</span> <span class='ocrx_word' id='word_1_90' title='bbox 459 756 495 785; x_wconf 79' lang='lat' dir='ltr'>sy</span> <span class='ocrx_word' id='word_1_91' title='bbox 507 756 524 774; x_wconf 91' lang='lat' dir='ltr'>n</span> <span class='ocrx_word' id='word_1_92' title='bbox 534 756 548 774; x_wconf 90' lang='lat' dir='ltr'>e</span> <span class='ocrx_word' id='word_1_93' title='bbox 557 756 571 774; x_wconf 90' lang='lat' dir='ltr'>c</span> <span class='ocrx_word' id='word_1_94' title='bbox 580 745 595 774; x_wconf 86' lang='lat' dir='ltr'>h</span> <span class='ocrx_word' id='word_1_95' title='bbox 605 756 622 774; x_wconf 91' lang='lat' dir='ltr'>o</span> <span class='ocrx_word' id='word_1_96' title='bbox 634 756 648 774; x_wconf 89' lang='lat' dir='ltr'>c</span> <span class='ocrx_word' id='word_1_97' title='bbox 657 757 673 785; x_wconf 82' lang='lat' dir='ltr'>y</span> <span class='ocrx_word' id='word_1_98' title='bbox 684 753 695 774; x_wconf 89' lang='lat' dir='ltr'>t</span> <span class='ocrx_word' id='word_1_99' title='bbox 704 746 711 774; x_wconf 87' lang='lat' dir='ltr'>i</span> <span class='ocrx_word' id='word_1_100' title='bbox 721 746 737 774; x_wconf 91' lang='lat' dir='ltr'>d</span> <span class='ocrx_word' id='word_1_101' title='bbox 750 757 764 773; x_wconf 87' lang='lat' dir='ltr'>e</span> <span class='ocrx_word' id='word_1_102' title='bbox 774 756 787 774; x_wconf 80' lang='lat' dir='ltr'>a</span> <span class='ocrx_word' id='word_1_103' title='bbox 798 756 812 774; x_wconf 91' lang='lat' dir='ltr'>e</span> <span class='ocrx_word' id='word_1_104' title='bbox 821 768 828 781; x_wconf 88' lang='lat'><strong>‚</strong></span> <span class='ocrx_word' id='word_1_105' title='bbox 855 745 964 775; x_wconf 84' lang='lat' dir='ltr'>cellulis</span> <span class='ocrx_word' id='word_1_106' title='bbox 994 745 1139 785; x_wconf 80' lang='lat' dir='ltr'>contiguis</span> <span class='ocrx_word' id='word_1_107' title='bbox 1164 744 1344 783; x_wconf 81' lang='lat' dir='ltr'>(cellularum</span> <span class='ocrx_word' id='word_1_108' title='bbox 1365 745 1469 774; x_wconf 81' lang='lat' dir='ltr'>familia</span> <span class='ocrx_word' id='word_1_109' title='bbox 1495 746 1523 774; x_wconf 91' lang='lat' dir='ltr'>in</span> <span class='ocrx_word' id='word_1_110' title='bbox 1551 746 1667 776; x_wconf 81' lang='lat' dir='ltr'><strong>thallum</strong></span> <span class='ocrx_word' id='word_1_111' title='bbox 1695 748 1788 777; x_wconf 82' lang='lat' dir='ltr'>conti·</span> 
     </span>
     <span class='ocr_line' id='line_1_11' title="bbox 460 796 1529 833; baseline 0 -9"><span class='ocrx_word' id='word_1_112' title='bbox 460 807 546 825; x_wconf 90' lang='lat' dir='ltr'>nuum</span> <span class='ocrx_word' id='word_1_113' title='bbox 561 796 714 833; x_wconf 83' lang='lat' dir='ltr'>abeunte):</span> <span class='ocrx_word' id='word_1_114' title='bbox 734 798 956 828; x_wconf 70' lang='lat' dir='ltr'>Himuanium,</span> <span class='ocrx_word' id='word_1_115' title='bbox 971 798 1160 828; x_wconf 71' lang='lat' dir='ltr'>Desmidium,</span> <span class='ocrx_word' id='word_1_116' title='bbox 1175 799 1345 832; x_wconf 80' lang='lat' dir='ltr'>Spirogyra,</span> <span class='ocrx_word' id='word_1_117' title='bbox 1360 799 1529 831; x_wconf 82' lang='lat' dir='ltr'>Oscillaria;</span> 
     </span>
    </p>
   </div>
   <div class='ocr_carea' id='block_1_5' title="bbox 305 852 1789 966">
    <p class='ocr_par' dir='ltr' id='par_1_5' title="bbox 305 852 1789 966">
     <span class='ocr_line' id='line_1_12' title="bbox 305 852 1789 904; baseline 0.002 -17"><span class='ocrx_word' id='word_1_118' title='bbox 305 852 340 895; x_wconf 80' lang='lat' dir='ltr'>b)</span> <span class='ocrx_word' id='word_1_119' title='bbox 370 852 751 903; x_wconf 82' lang='lat' dir='ltr'>heterocytideae</span> <span class='ocrx_word' id='word_1_120' title='bbox 769 881 777 897; x_wconf 91' lang='lat'>,</span> <span class='ocrx_word' id='word_1_121' title='bbox 825 852 967 888; x_wconf 86' lang='lat' dir='ltr'>cellulis</span> <span class='ocrx_word' id='word_1_122' title='bbox 1008 852 1141 888; x_wconf 90' lang='lat' dir='ltr'>indolis</span> <span class='ocrx_word' id='word_1_123' title='bbox 1183 852 1384 888; x_wconf 88' lang='lat' dir='ltr'>evidentius</span> <span class='ocrx_word' id='word_1_124' title='bbox 1428 853 1587 889; x_wconf 89' lang='lat' dir='ltr'>diversae</span> <span class='ocrx_word' id='word_1_125' title='bbox 1618 854 1789 904; x_wconf 87' lang='lat' dir='ltr'>praeditis</span> 
     </span>
     <span class='ocr_line' id='line_1_13' title="bbox 371 915 1208 966; baseline -0.001 -15"><span class='ocrx_word' id='word_1_126' title='bbox 371 919 476 966; x_wconf 87' lang='lat' dir='ltr'>(quas</span> <span class='ocrx_word' id='word_1_127' title='bbox 494 915 644 951; x_wconf 90' lang='lat' dir='ltr'>ulterius</span> <span class='ocrx_word' id='word_1_128' title='bbox 664 916 824 952; x_wconf 89' lang='lat' dir='ltr'>dividere</span> <span class='ocrx_word' id='word_1_129' title='bbox 842 916 913 951; x_wconf 92' lang='lat' dir='ltr'>hoc</span> <span class='ocrx_word' id='word_1_130' title='bbox 931 915 1015 951; x_wconf 93' lang='lat' dir='ltr'>loco</span> <span class='ocrx_word' id='word_1_131' title='bbox 1036 918 1208 963; x_wconf 82' lang='lat' dir='ltr'>mittam):</span> 
     </span>
    </p>
   </div>
   <div class='ocr_carea' id='block_1_6' title="bbox 458 985 1559 1020">
    <p class='ocr_par' dir='ltr' id='par_1_6' title="bbox 458 985 1559 1020">
     <span class='ocr_line' id='line_1_14' title="bbox 458 985 1559 1020; baseline 0.003 -10"><span class='ocrx_word' id='word_1_132' title='bbox 458 986 577 1017; x_wconf 75' lang='lat' dir='ltr'>Nastae,</span> <span class='ocrx_word' id='word_1_133' title='bbox 596 987 886 1020; x_wconf 78' lang='lat' dir='ltr'>Cylindrvspermum,</span> <span class='ocrx_word' id='word_1_134' title='bbox 901 987 1062 1020; x_wconf 73' lang='lat' dir='ltr'>Rioularia,</span> <span class='ocrx_word' id='word_1_135' title='bbox 1077 986 1282 1018; x_wconf 78' lang='lat' dir='ltr'>Oedogonium‚</span> <span class='ocrx_word' id='word_1_136' title='bbox 1297 985 1490 1012; x_wconf 76' lang='lat' dir='ltr'>Bulbochaete</span> <span class='ocrx_word' id='word_1_137' title='bbox 1505 989 1559 1013; x_wconf 77' lang='lat' dir='ltr'>etc.</span> 
     </span>
    </p>
   </div>
   <div class='ocr_carea' id='block_1_7' title="bbox 212 1056 1789 2503">
    <p class='ocr_par' dir='ltr' id='par_1_7' title="bbox 215 1056 1789 1615">
     <span class='ocr_line' id='line_1_15' title="bbox 362 1056 1789 1108; baseline 0.002 -16"><span class='ocrx_word' id='word_1_138' title='bbox 362 1056 573 1093; x_wconf 87' lang='lat' dir='ltr'>Secundum</span> <span class='ocrx_word' id='word_1_139' title='bbox 602 1057 694 1093; x_wconf 85' lang='lat' dir='ltr'>hanc</span> <span class='ocrx_word' id='word_1_140' title='bbox 723 1057 997 1108; x_wconf 79' lang='lat' dir='ltr'>dispositionem</span> <span class='ocrx_word' id='word_1_141' title='bbox 1030 1058 1105 1093; x_wconf 89' lang='lat' dir='ltr'>sola</span> <span class='ocrx_word' id='word_1_142' title='bbox 1137 1060 1248 1094; x_wconf 88' lang='lat' dir='ltr'>sectio</span> <span class='ocrx_word' id='word_1_143' title='bbox 1271 1060 1387 1108; x_wconf 82' lang='lat' dir='ltr'>prima</span> <span class='ocrx_word' id='word_1_144' title='bbox 1413 1060 1484 1105; x_wconf 85' lang='grc' dir='ltr'>(Α)</span> <span class='ocrx_word' id='word_1_145' title='bbox 1511 1058 1620 1108; x_wconf 83' lang='lat' dir='ltr'>Algas</span> <span class='ocrx_word' id='word_1_146' title='bbox 1646 1072 1689 1095; x_wconf 84' lang='lat' dir='ltr'>ex</span> <span class='ocrx_word' id='word_1_147' title='bbox 1711 1073 1789 1095; x_wconf 82' lang='lat' dir='ltr'>mea</span> 
     </span>
     <span class='ocr_line' id='line_1_16' title="bbox 223 1120 1788 1172; baseline 0.002 -16"><span class='ocrx_word' id='word_1_148' title='bbox 223 1123 397 1157; x_wconf 89' lang='lat' dir='ltr'>sententia</span> <span class='ocrx_word' id='word_1_149' title='bbox 416 1134 541 1158; x_wconf 88' lang='lat' dir='ltr'>revera</span> <span class='ocrx_word' id='word_1_150' title='bbox 559 1120 815 1157; x_wconf 89' lang='lat' dir='ltr'>unicellulares</span> <span class='ocrx_word' id='word_1_151' title='bbox 835 1124 1007 1166; x_wconf 91' lang='lat' dir='ltr'>continet,</span> <span class='ocrx_word' id='word_1_152' title='bbox 1028 1136 1140 1171; x_wconf 87' lang='lat' dir='ltr'>quum</span> <span class='ocrx_word' id='word_1_153' title='bbox 1155 1121 1268 1171; x_wconf 80' lang='lat' dir='ltr'><strong>Algae</strong></span> <span class='ocrx_word' id='word_1_154' title='bbox 1289 1134 1307 1156; x_wconf 90' lang='lat' dir='ltr'>e</span> <span class='ocrx_word' id='word_1_155' title='bbox 1328 1121 1537 1158; x_wconf 87' lang='lat' dir='ltr'>definitione</span> <span class='ocrx_word' id='word_1_156' title='bbox 1551 1122 1692 1172; x_wconf 72' lang='lat' dir='ltr'>Nagelii</span> <span class='ocrx_word' id='word_1_157' title='bbox 1710 1125 1788 1159; x_wconf 90' lang='lat' dir='ltr'>uni-</span> 
     </span>
     <span class='ocr_line' id='line_1_17' title="bbox 219 1179 1782 1235; baseline 0.002 -16"><span class='ocrx_word' id='word_1_158' title='bbox 219 1184 410 1220; x_wconf 84' lang='lat' dir='ltr'>cellulares</span> <span class='ocrx_word' id='word_1_159' title='bbox 437 1185 656 1220; x_wconf 83' lang='lat' dir='ltr'>sectionibus</span> <span class='ocrx_word' id='word_1_160' title='bbox 681 1186 733 1220; x_wconf 85' lang='lat' dir='ltr'>A.</span> <span class='ocrx_word' id='word_1_161' title='bbox 757 1185 799 1220; x_wconf 89' lang='lat' dir='ltr'>B.</span> <span class='ocrx_word' id='word_1_162' title='bbox 821 1193 856 1221; x_wconf 87' lang='lat' dir='ltr'>et</span> <span class='ocrx_word' id='word_1_163' title='bbox 877 1185 930 1221; x_wconf 87' lang='lat' dir='ltr'>C..</span> <span class='ocrx_word' id='word_1_164' title='bbox 953 1200 984 1220; x_wconf 87' lang='grc' dir='ltr'>α.</span> <span class='ocrx_word' id='word_1_165' title='bbox 1005 1200 1034 1219; x_wconf 83' lang='grc' dir='ltr'>α.</span> <span class='ocrx_word' id='word_1_166' title='bbox 1055 1193 1090 1221; x_wconf 85' lang='lat' dir='ltr'>et</span> <span class='ocrx_word' id='word_1_167' title='bbox 1107 1179 1147 1223; x_wconf 68' lang='grc' dir='ltr'>β.</span> <span class='ocrx_word' id='word_1_168' title='bbox 1183 1188 1242 1231; x_wconf 86' lang='lat' dir='ltr'>(ex</span> <span class='ocrx_word' id='word_1_169' title='bbox 1266 1193 1383 1235; x_wconf 83' lang='lat' dir='ltr'>parte)</span> <span class='ocrx_word' id='word_1_170' title='bbox 1412 1185 1782 1235; x_wconf 81' lang='lat' dir='ltr'>comprehendantur.</span> 
     </span>
     <span class='ocr_line' id='line_1_18' title="bbox 218 1247 1786 1299; baseline 0.001 -16"><span class='ocrx_word' id='word_1_171' title='bbox 218 1247 412 1284; x_wconf 85' lang='lat' dir='ltr'>Caeterum</span> <span class='ocrx_word' id='word_1_172' title='bbox 430 1250 488 1283; x_wconf 84' lang='lat' dir='ltr'>vix</span> <span class='ocrx_word' id='word_1_173' title='bbox 507 1247 749 1292; x_wconf 89' lang='lat' dir='ltr'>monendum,</span> <span class='ocrx_word' id='word_1_174' title='bbox 780 1261 905 1284; x_wconf 88' lang='lat' dir='ltr'>omnes</span> <span class='ocrx_word' id='word_1_175' title='bbox 924 1248 1031 1296; x_wconf 82' lang='lat' dir='ltr'>hujus</span> <span class='ocrx_word' id='word_1_176' title='bbox 1051 1248 1295 1298; x_wconf 86' lang='lat' dir='ltr'>dispositionis</span> <span class='ocrx_word' id='word_1_177' title='bbox 1314 1251 1490 1284; x_wconf 86' lang='lat' dir='ltr'>sectiones</span> <span class='ocrx_word' id='word_1_178' title='bbox 1506 1262 1525 1284; x_wconf 91' lang='lat' dir='ltr'>e</span> <span class='ocrx_word' id='word_1_179' title='bbox 1543 1249 1689 1299; x_wconf 82' lang='lat' dir='ltr'>singulis</span> <span class='ocrx_word' id='word_1_180' title='bbox 1704 1250 1786 1286; x_wconf 88' lang='lat' dir='ltr'>cha-</span> 
     </span>
     <span class='ocr_line' id='line_1_19' title="bbox 217 1311 1786 1361; baseline 0.002 -16"><span class='ocrx_word' id='word_1_181' title='bbox 217 1311 414 1346; x_wconf 86' lang='lat' dir='ltr'>racteribus</span> <span class='ocrx_word' id='word_1_182' title='bbox 435 1311 654 1361; x_wconf 86' lang='lat' dir='ltr'>desumptas,</span> <span class='ocrx_word' id='word_1_183' title='bbox 683 1311 766 1346; x_wconf 92' lang='lat' dir='ltr'>hinc</span> <span class='ocrx_word' id='word_1_184' title='bbox 793 1324 891 1347; x_wconf 91' lang='lat' dir='ltr'>mere</span> <span class='ocrx_word' id='word_1_185' title='bbox 911 1311 1112 1346; x_wconf 86' lang='lat' dir='ltr'>artificiales</span> <span class='ocrx_word' id='word_1_186' title='bbox 1132 1324 1226 1355; x_wconf 89' lang='lat' dir='ltr'>esse,</span> <span class='ocrx_word' id='word_1_187' title='bbox 1256 1324 1376 1360; x_wconf 90' lang='lat' dir='ltr'>neque</span> <span class='ocrx_word' id='word_1_188' title='bbox 1402 1312 1545 1347; x_wconf 85' lang='lat' dir='ltr'>familiis</span> <span class='ocrx_word' id='word_1_189' title='bbox 1569 1326 1652 1348; x_wconf 85' lang='lat' dir='ltr'>vera</span> <span class='ocrx_word' id='word_1_190' title='bbox 1681 1321 1716 1349; x_wconf 88' lang='lat' dir='ltr'>et</span> <span class='ocrx_word' id='word_1_191' title='bbox 1734 1315 1786 1348; x_wconf 91' lang='lat' dir='ltr'>in-</span> 
     </span>
     <span class='ocr_line' id='line_1_20' title="bbox 216 1373 1785 1424; baseline 0.003 -16"><span class='ocrx_word' id='word_1_192' title='bbox 216 1376 300 1409; x_wconf 88' lang='lat' dir='ltr'>tima</span> <span class='ocrx_word' id='word_1_193' title='bbox 319 1373 490 1409; x_wconf 82' lang='lat' dir='ltr'>affinitate</span> <span class='ocrx_word' id='word_1_194' title='bbox 509 1376 598 1409; x_wconf 82' lang='lat' dir='ltr'>nixis</span> <span class='ocrx_word' id='word_1_195' title='bbox 617 1373 854 1424; x_wconf 86' lang='lat' dir='ltr'>respondere.</span> <span class='ocrx_word' id='word_1_196' title='bbox 898 1374 954 1410; x_wconf 90' lang='lat' dir='ltr'>Ne</span> <span class='ocrx_word' id='word_1_197' title='bbox 975 1374 1087 1424; x_wconf 81' lang='lat' dir='ltr'><strong>Algae</strong></span> <span class='ocrx_word' id='word_1_198' title='bbox 1108 1374 1256 1424; x_wconf 88' lang='lat' dir='ltr'>quidem</span> <span class='ocrx_word' id='word_1_199' title='bbox 1284 1377 1451 1410; x_wconf 84' lang='lat' dir='ltr'>strictiori</span> <span class='ocrx_word' id='word_1_200' title='bbox 1477 1389 1583 1411; x_wconf 90' lang='lat' dir='ltr'>sensu</span> <span class='ocrx_word' id='word_1_201' title='bbox 1607 1376 1785 1412; x_wconf 89' lang='lat' dir='ltr'>unicellu-</span> 
     </span>
     <span class='ocr_line' id='line_1_21' title="bbox 216 1437 1787 1486; baseline 0.002 -14"><span class='ocrx_word' id='word_1_202' title='bbox 216 1450 273 1472; x_wconf 89' lang='lat' dir='ltr'>res</span> <span class='ocrx_word' id='word_1_203' title='bbox 299 1450 424 1473; x_wconf 88' lang='lat' dir='ltr'>omnes</span> <span class='ocrx_word' id='word_1_204' title='bbox 452 1445 548 1472; x_wconf 87' lang='lat' dir='ltr'>tanta</span> <span class='ocrx_word' id='word_1_205' title='bbox 575 1437 839 1473; x_wconf 84' lang='lat' dir='ltr'>necessitudine</span> <span class='ocrx_word' id='word_1_206' title='bbox 859 1439 952 1473; x_wconf 87' lang='lat' dir='ltr'>inter</span> <span class='ocrx_word' id='word_1_207' title='bbox 970 1451 1006 1473; x_wconf 90' lang='lat' dir='ltr'>se</span> <span class='ocrx_word' id='word_1_208' title='bbox 1031 1437 1175 1486; x_wconf 84' lang='lat' dir='ltr'>junctae</span> <span class='ocrx_word' id='word_1_209' title='bbox 1194 1438 1281 1473; x_wconf 89' lang='lat' dir='ltr'>mihi</span> <span class='ocrx_word' id='word_1_210' title='bbox 1298 1438 1484 1483; x_wconf 85' lang='lat' dir='ltr'>videntur,</span> <span class='ocrx_word' id='word_1_211' title='bbox 1513 1447 1553 1474; x_wconf 90' lang='lat' dir='ltr'>ut</span> <span class='ocrx_word' id='word_1_212' title='bbox 1580 1441 1616 1474; x_wconf 91' lang='lat' dir='ltr'>in</span> <span class='ocrx_word' id='word_1_213' title='bbox 1643 1442 1787 1475; x_wconf 89' lang='lat' dir='ltr'>unicam</span> 
     </span>
     <span class='ocr_line' id='line_1_22' title="bbox 216 1500 1786 1552; baseline 0.002 -16"><span class='ocrx_word' id='word_1_214' title='bbox 216 1508 251 1536; x_wconf 91' lang='lat' dir='ltr'>et</span> <span class='ocrx_word' id='word_1_215' title='bbox 269 1500 490 1551; x_wconf 82' lang='lat' dir='ltr'>peculiarem</span> <span class='ocrx_word' id='word_1_216' title='bbox 508 1501 643 1536; x_wconf 85' lang='lat' dir='ltr'>tribum</span> <span class='ocrx_word' id='word_1_217' title='bbox 663 1501 891 1550; x_wconf 79' lang='lat' dir='ltr'>colligantur,</span> <span class='ocrx_word' id='word_1_218' title='bbox 919 1514 1011 1550; x_wconf 87' lang='lat' dir='ltr'>quae</span> <span class='ocrx_word' id='word_1_219' title='bbox 1037 1500 1185 1551; x_wconf 89' lang='lat' dir='ltr'>quidem</span> <span class='ocrx_word' id='word_1_220' title='bbox 1210 1501 1362 1537; x_wconf 89' lang='lat' dir='ltr'>ulterius</span> <span class='ocrx_word' id='word_1_221' title='bbox 1387 1502 1620 1552; x_wconf 86' lang='lat' dir='ltr'>disquirenda</span> <span class='ocrx_word' id='word_1_222' title='bbox 1646 1503 1690 1538; x_wconf 92' lang='lat' dir='ltr'>ad</span> <span class='ocrx_word' id='word_1_223' title='bbox 1717 1506 1786 1539; x_wconf 89' lang='lat' dir='ltr'>sin-</span> 
     </span>
     <span class='ocr_line' id='line_1_23' title="bbox 215 1564 1090 1615; baseline -0.001 -15"><span class='ocrx_word' id='word_1_224' title='bbox 215 1564 384 1613; x_wconf 82' lang='lat' dir='ltr'>gulorum</span> <span class='ocrx_word' id='word_1_225' title='bbox 405 1577 576 1613; x_wconf 83' lang='lat' dir='ltr'>generum</span> <span class='ocrx_word' id='word_1_226' title='bbox 597 1564 879 1615; x_wconf 82' lang='lat' dir='ltr'>descriptionem</span> <span class='ocrx_word' id='word_1_227' title='bbox 898 1567 1090 1600; x_wconf 83' lang='lat' dir='ltr'>remittam.</span> 
     </span>
    </p>

    <p class='ocr_par' dir='ltr' id='par_1_8' title="bbox 212 1627 1788 2376">
     <span class='ocr_line' id='line_1_24' title="bbox 355 1627 1782 1679; baseline 0.002 -17"><span class='ocrx_word' id='word_1_228' title='bbox 355 1627 497 1671; x_wconf 84' lang='lat' dir='ltr'>Restat,</span> <span class='ocrx_word' id='word_1_229' title='bbox 533 1635 572 1662; x_wconf 89' lang='lat' dir='ltr'>ut</span> <span class='ocrx_word' id='word_1_230' title='bbox 591 1641 705 1677; x_wconf 87' lang='lat' dir='ltr'>pauca</span> <span class='ocrx_word' id='word_1_231' title='bbox 725 1627 901 1677; x_wconf 85' lang='lat' dir='ltr'>denique,</span> <span class='ocrx_word' id='word_1_232' title='bbox 935 1641 1027 1677; x_wconf 86' lang='lat' dir='ltr'>quae</span> <span class='ocrx_word' id='word_1_233' title='bbox 1055 1627 1099 1663; x_wconf 86' lang='lat' dir='ltr'>ad</span> <span class='ocrx_word' id='word_1_234' title='bbox 1119 1627 1294 1677; x_wconf 79' lang='lat' dir='ltr'>Algarum</span> <span class='ocrx_word' id='word_1_235' title='bbox 1312 1629 1602 1679; x_wconf 81' lang='lat' dir='ltr'>terminologiam</span> <span class='ocrx_word' id='word_1_236' title='bbox 1621 1632 1782 1674; x_wconf 85' lang='lat' dir='ltr'>attinent,</span> 
     </span>
     <span class='ocr_line' id='line_1_25' title="bbox 216 1690 1786 1743; baseline 0.002 -17"><span class='ocrx_word' id='word_1_237' title='bbox 216 1690 374 1726; x_wconf 83' lang='lat' dir='ltr'>afferam.</span> <span class='ocrx_word' id='word_1_238' title='bbox 401 1690 547 1740; x_wconf 88' lang='lat' dir='ltr'>Corpus</span> <span class='ocrx_word' id='word_1_239' title='bbox 566 1692 804 1740; x_wconf 84' lang='lat' dir='ltr'>vegetativum</span> <span class='ocrx_word' id='word_1_240' title='bbox 823 1691 997 1740; x_wconf 78' lang='lat' dir='ltr'>Algarum</span> <span class='ocrx_word' id='word_1_241' title='bbox 1013 1691 1134 1740; x_wconf 88' lang='lat' dir='ltr'>quoad</span> <span class='ocrx_word' id='word_1_242' title='bbox 1154 1691 1352 1727; x_wconf 86' lang='lat' dir='ltr'>formarum</span> <span class='ocrx_word' id='word_1_243' title='bbox 1367 1695 1574 1728; x_wconf 87' lang='lat' dir='ltr'>varietatem</span> <span class='ocrx_word' id='word_1_244' title='bbox 1588 1696 1692 1729; x_wconf 84' lang='lat' dir='ltr'>variis</span> <span class='ocrx_word' id='word_1_245' title='bbox 1707 1696 1786 1743; x_wconf 89' lang='lat' dir='ltr'>qui-</span> 
     </span>
     <span class='ocr_line' id='line_1_26' title="bbox 216 1753 1788 1805; baseline 0.003 -17"><span class='ocrx_word' id='word_1_246' title='bbox 216 1753 299 1789; x_wconf 92' lang='lat' dir='ltr'>dem</span> <span class='ocrx_word' id='word_1_247' title='bbox 325 1755 502 1797; x_wconf 83' lang='lat' dir='ltr'>terminis,</span> <span class='ocrx_word' id='word_1_248' title='bbox 538 1756 573 1788; x_wconf 92' lang='lat' dir='ltr'>in</span> <span class='ocrx_word' id='word_1_249' title='bbox 598 1767 727 1803; x_wconf 81' lang='lat' dir='ltr'>genere</span> <span class='ocrx_word' id='word_1_250' title='bbox 752 1762 870 1789; x_wconf 86' lang='lat' dir='ltr'>autem</span> <span class='ocrx_word' id='word_1_251' title='bbox 895 1754 1089 1804; x_wconf 77' lang='lat' dir='ltr'>Kiitzingio</span> <span class='ocrx_word' id='word_1_252' title='bbox 1113 1754 1299 1803; x_wconf 78' lang='lat' dir='ltr'>phycoma</span> <span class='ocrx_word' id='word_1_253' title='bbox 1326 1756 1525 1805; x_wconf 86' lang='lat' dir='ltr'>apellatur,</span> <span class='ocrx_word' id='word_1_254' title='bbox 1561 1759 1620 1791; x_wconf 91' lang='lat' dir='ltr'>cui</span> <span class='ocrx_word' id='word_1_255' title='bbox 1651 1759 1788 1792; x_wconf 90' lang='lat' dir='ltr'>nomini</span> 
     </span>
     <span class='ocr_line' id='line_1_27' title="bbox 215 1817 1787 1870; baseline 0.003 -18"><span class='ocrx_word' id='word_1_256' title='bbox 215 1817 427 1868; x_wconf 87' lang='lat' dir='ltr'>phytoma</span> <span class='ocrx_word' id='word_1_257' title='bbox 455 1819 683 1861; x_wconf 86' lang='lat' dir='ltr'>substituam,</span> <span class='ocrx_word' id='word_1_258' title='bbox 721 1819 915 1853; x_wconf 87' lang='lat' dir='ltr'>terminum</span> <span class='ocrx_word' id='word_1_259' title='bbox 935 1820 971 1852; x_wconf 88' lang='lat' dir='ltr'>in</span> <span class='ocrx_word' id='word_1_260' title='bbox 989 1830 1123 1867; x_wconf 87' lang='lat' dir='ltr'>corpus</span> <span class='ocrx_word' id='word_1_261' title='bbox 1142 1820 1380 1867; x_wconf 80' lang='lat' dir='ltr'>vegetativum</span> <span class='ocrx_word' id='word_1_262' title='bbox 1400 1821 1562 1854; x_wconf 89' lang='lat' dir='ltr'>omnium</span> <span class='ocrx_word' id='word_1_263' title='bbox 1580 1820 1787 1870; x_wconf 88' lang='lat' dir='ltr'>plantarum</span> 
     </span>
     <span class='ocr_line' id='line_1_28' title="bbox 212 1880 1783 1934; baseline 0.003 -18"><span class='ocrx_word' id='word_1_264' title='bbox 212 1888 412 1917; x_wconf 79' lang='lat' dir='ltr'>extensum.</span> <span class='ocrx_word' id='word_1_265' title='bbox 451 1880 680 1931; x_wconf 84' lang='lat' dir='ltr'>Phycomatis</span> <span class='ocrx_word' id='word_1_266' title='bbox 698 1883 845 1916; x_wconf 88' lang='lat' dir='ltr'>nomine</span> <span class='ocrx_word' id='word_1_267' title='bbox 865 1880 1019 1916; x_wconf 90' lang='lat' dir='ltr'>admisso</span> <span class='ocrx_word' id='word_1_268' title='bbox 1040 1880 1189 1915; x_wconf 84' lang='lat' dir='ltr'>aliarum</span> <span class='ocrx_word' id='word_1_269' title='bbox 1209 1894 1359 1931; x_wconf 88' lang='lat' dir='ltr'>quoque</span> <span class='ocrx_word' id='word_1_270' title='bbox 1379 1882 1545 1918; x_wconf 89' lang='lat' dir='ltr'>classium</span> <span class='ocrx_word' id='word_1_271' title='bbox 1572 1883 1783 1934; x_wconf 84' lang='lat' dir='ltr'>phytomata</span> 
     </span>
     <span class='ocr_line' id='line_1_29' title="bbox 214 1943 1786 1997; baseline 0.002 -17"><span class='ocrx_word' id='word_1_272' title='bbox 214 1945 420 1980; x_wconf 89' lang='lat' dir='ltr'>nominibus</span> <span class='ocrx_word' id='word_1_273' title='bbox 441 1946 598 1994; x_wconf 87' lang='lat' dir='ltr'>propriis</span> <span class='ocrx_word' id='word_1_274' title='bbox 625 1943 810 1979; x_wconf 85' lang='lat' dir='ltr'>salutanda</span> <span class='ocrx_word' id='word_1_275' title='bbox 837 1944 975 1989; x_wconf 88' lang='lat' dir='ltr'>forent,</span> <span class='ocrx_word' id='word_1_276' title='bbox 1007 1957 1039 1980; x_wconf 88' lang='lat' dir='ltr'>e.</span> <span class='ocrx_word' id='word_1_277' title='bbox 1057 1958 1090 1980; x_wconf 89' lang='lat' dir='ltr'>c.</span> <span class='ocrx_word' id='word_1_278' title='bbox 1112 1957 1180 1995; x_wconf 90' lang='lat' dir='ltr'>pro</span> <span class='ocrx_word' id='word_1_279' title='bbox 1205 1944 1322 1994; x_wconf 83' lang='lat' dir='ltr'>fungis</span> <span class='ocrx_word' id='word_1_280' title='bbox 1348 1959 1533 1993; x_wconf 81' lang='lat' dir='ltr'>mycoma,</span> <span class='ocrx_word' id='word_1_281' title='bbox 1562 1960 1631 1997; x_wconf 89' lang='lat' dir='ltr'>pro</span> <span class='ocrx_word' id='word_1_282' title='bbox 1656 1950 1786 1983; x_wconf 86' lang='lat' dir='ltr'>muscis</span> 
     </span>
     <span class='ocr_line' id='line_1_30' title="bbox 216 2007 1787 2060; baseline 0.002 -17"><span class='ocrx_word' id='word_1_283' title='bbox 216 2008 382 2056; x_wconf 70' lang='lat' dir='ltr'>bryoma,</span> <span class='ocrx_word' id='word_1_284' title='bbox 410 2021 479 2058; x_wconf 91' lang='lat' dir='ltr'>pro</span> <span class='ocrx_word' id='word_1_285' title='bbox 494 2007 651 2042; x_wconf 86' lang='lat' dir='ltr'>filicibus</span> <span class='ocrx_word' id='word_1_286' title='bbox 665 2007 870 2054; x_wconf 68' lang='lat' dir='ltr'>pter-[doma</span> <span class='ocrx_word' id='word_1_287' title='bbox 886 2007 1147 2057; x_wconf 86' lang='lat' dir='ltr'>adoptandum,</span> <span class='ocrx_word' id='word_1_288' title='bbox 1170 2008 1272 2057; x_wconf 89' lang='lat' dir='ltr'>quod</span> <span class='ocrx_word' id='word_1_289' title='bbox 1289 2008 1437 2058; x_wconf 88' lang='lat' dir='ltr'>quidem</span> <span class='ocrx_word' id='word_1_290' title='bbox 1459 2009 1683 2060; x_wconf 84' lang='lat' dir='ltr'>superfluum</span> <span class='ocrx_word' id='word_1_291' title='bbox 1699 2011 1787 2046; x_wconf 83' lang='lat' dir='ltr'>mihi</span> 
     </span>
     <span class='ocr_line' id='line_1_31' title="bbox 214 2070 1784 2123; baseline 0.001 -16"><span class='ocrx_word' id='word_1_292' title='bbox 214 2071 365 2111; x_wconf 76' lang='lat' dir='ltr'>videtur,</span> <span class='ocrx_word' id='word_1_293' title='bbox 387 2085 501 2121; x_wconf 88' lang='lat' dir='ltr'>quum</span> <span class='ocrx_word' id='word_1_294' title='bbox 524 2071 597 2106; x_wconf 91' lang='lat' dir='ltr'>duo</span> <span class='ocrx_word' id='word_1_295' title='bbox 620 2078 756 2106; x_wconf 83' lang='lat' dir='ltr'>tantum</span> <span class='ocrx_word' id='word_1_296' title='bbox 772 2070 1025 2121; x_wconf 82' lang='lat' dir='ltr'>phytomatum</span> <span class='ocrx_word' id='word_1_297' title='bbox 1044 2084 1172 2121; x_wconf 83' lang='lat' dir='ltr'>genera</span> <span class='ocrx_word' id='word_1_298' title='bbox 1192 2071 1393 2107; x_wconf 85' lang='lat' dir='ltr'>secundum</span> <span class='ocrx_word' id='word_1_299' title='bbox 1414 2073 1706 2123; x_wconf 84' lang='lat' dir='ltr'>morphologicas</span> <span class='ocrx_word' id='word_1_300' title='bbox 1730 2088 1784 2109; x_wconf 86' lang='lat' dir='ltr'>ra-</span> 
     </span>
     <span class='ocr_line' id='line_1_32' title="bbox 214 2134 1782 2187; baseline 0.001 -17"><span class='ocrx_word' id='word_1_301' title='bbox 214 2137 330 2170; x_wconf 86' lang='lat' dir='ltr'>tiones</span> <span class='ocrx_word' id='word_1_302' title='bbox 346 2134 596 2184; x_wconf 76' lang='lat' dir='ltr'>distinguenda</span> <span class='ocrx_word' id='word_1_303' title='bbox 615 2137 693 2175; x_wconf 86' lang='lat' dir='ltr'>sint,</span> <span class='ocrx_word' id='word_1_304' title='bbox 713 2134 887 2185; x_wconf 81' lang='lat' dir='ltr'>phytoma</span> <span class='ocrx_word' id='word_1_305' title='bbox 907 2134 1157 2178; x_wconf 86' lang='lat' dir='ltr'>cormodes,</span> <span class='ocrx_word' id='word_1_306' title='bbox 1181 2134 1459 2185; x_wconf 82' lang='lat' dir='ltr'>Phanerogamis</span> <span class='ocrx_word' id='word_1_307' title='bbox 1475 2144 1509 2171; x_wconf 90' lang='lat' dir='ltr'>et</span> <span class='ocrx_word' id='word_1_308' title='bbox 1528 2137 1782 2187; x_wconf 78' lang='lat' dir='ltr'>Cryptogamis</span> 
     </span>
     <span class='ocr_line' id='line_1_33' title="bbox 215 2197 1784 2249; baseline 0.001 -15"><span class='ocrx_word' id='word_1_309' title='bbox 215 2200 408 2248; x_wconf 90' lang='lat' dir='ltr'>superioris</span> <span class='ocrx_word' id='word_1_310' title='bbox 423 2198 558 2233; x_wconf 86' lang='lat' dir='ltr'>ordinis</span> <span class='ocrx_word' id='word_1_311' title='bbox 574 2200 776 2248; x_wconf 87' lang='lat' dir='ltr'>proprium,</span> <span class='ocrx_word' id='word_1_312' title='bbox 796 2205 831 2233; x_wconf 89' lang='lat' dir='ltr'>et</span> <span class='ocrx_word' id='word_1_313' title='bbox 846 2197 1019 2248; x_wconf 87' lang='lat' dir='ltr'>phytoma</span> <span class='ocrx_word' id='word_1_314' title='bbox 1034 2198 1079 2234; x_wconf 85' lang='lat' dir='ltr'>th</span> <span class='ocrx_word' id='word_1_315' title='bbox 1092 2198 1182 2233; x_wconf 87' lang='lat' dir='ltr'>allo</span> <span class='ocrx_word' id='word_1_316' title='bbox 1193 2198 1215 2233; x_wconf 87' lang='lat' dir='ltr'>d</span> <span class='ocrx_word' id='word_1_317' title='bbox 1227 2212 1268 2233; x_wconf 90' lang='lat' dir='ltr'>es</span> <span class='ocrx_word' id='word_1_318' title='bbox 1287 2201 1322 2234; x_wconf 92' lang='lat' dir='ltr'>in</span> <span class='ocrx_word' id='word_1_319' title='bbox 1339 2199 1591 2249; x_wconf 84' lang='lat' dir='ltr'>Cryptogamis</span> <span class='ocrx_word' id='word_1_320' title='bbox 1607 2200 1784 2236; x_wconf 83' lang='lat' dir='ltr'>inferiori—</span> 
     </span>
     <span class='ocr_line' id='line_1_34' title="bbox 214 2260 1786 2314; baseline 0.002 -17"><span class='ocrx_word' id='word_1_321' title='bbox 214 2262 282 2297; x_wconf 88' lang='lat' dir='ltr'>bus</span> <span class='ocrx_word' id='word_1_322' title='bbox 301 2262 462 2298; x_wconf 85' lang='lat' dir='ltr'>obvium.</span> <span class='ocrx_word' id='word_1_323' title='bbox 500 2261 558 2297; x_wconf 88' lang='lat' dir='ltr'>Ad</span> <span class='ocrx_word' id='word_1_324' title='bbox 578 2261 751 2310; x_wconf 84' lang='lat' dir='ltr'>Algarum</span> <span class='ocrx_word' id='word_1_325' title='bbox 771 2263 895 2310; x_wconf 79' lang='lat' dir='ltr'>igitur,</span> <span class='ocrx_word' id='word_1_326' title='bbox 925 2274 1039 2310; x_wconf 85' lang='lat' dir='ltr'>aeque</span> <span class='ocrx_word' id='word_1_327' title='bbox 1065 2274 1104 2295; x_wconf 90' lang='lat' dir='ltr'>ac</span> <span class='ocrx_word' id='word_1_328' title='bbox 1128 2260 1332 2297; x_wconf 88' lang='lat' dir='ltr'>Lichenum</span> <span class='ocrx_word' id='word_1_329' title='bbox 1359 2270 1394 2298; x_wconf 88' lang='lat' dir='ltr'>et</span> <span class='ocrx_word' id='word_1_330' title='bbox 1417 2262 1628 2313; x_wconf 78' lang='lat' dir='ltr'>Fungorum</span> <span class='ocrx_word' id='word_1_331' title='bbox 1653 2276 1786 2314; x_wconf 91' lang='lat' dir='ltr'>corpus</span> 
     </span>
     <span class='ocr_line' id='line_1_35' title="bbox 215 2324 1403 2376; baseline 0 -15"><span class='ocrx_word' id='word_1_332' title='bbox 215 2326 450 2376; x_wconf 83' lang='lat' dir='ltr'>vegetativum</span> <span class='ocrx_word' id='word_1_333' title='bbox 475 2324 732 2374; x_wconf 83' lang='lat' dir='ltr'>designandum</span> <span class='ocrx_word' id='word_1_334' title='bbox 753 2324 883 2360; x_wconf 84' lang='lat' dir='ltr'>thalli</span> <span class='ocrx_word' id='word_1_335' title='bbox 903 2327 1048 2359; x_wconf 88' lang='lat' dir='ltr'>nomine</span> <span class='ocrx_word' id='word_1_336' title='bbox 1068 2326 1119 2359; x_wconf 89' lang='lat' dir='ltr'>uti</span> <span class='ocrx_word' id='word_1_337' title='bbox 1139 2331 1252 2359; x_wconf 79' lang='lat' dir='ltr'>ratum</span> <span class='ocrx_word' id='word_1_338' title='bbox 1273 2325 1403 2361; x_wconf 88' lang='lat' dir='ltr'>habeo.</span> 
     </span>
    </p>

    <p class='ocr_par' dir='ltr' id='par_1_9' title="bbox 215 2387 1780 2503">
     <span class='ocr_line' id='line_1_36' title="bbox 353 2387 1780 2440; baseline 0.002 -16"><span class='ocrx_word' id='word_1_339' title='bbox 353 2387 496 2424; x_wconf 91' lang='lat' dir='ltr'>Cellula</span> <span class='ocrx_word' id='word_1_340' title='bbox 515 2391 550 2423; x_wconf 93' lang='lat' dir='ltr'>in</span> <span class='ocrx_word' id='word_1_341' title='bbox 569 2401 699 2438; x_wconf 83' lang='lat' dir='ltr'>genere</span> <span class='ocrx_word' id='word_1_342' title='bbox 719 2401 856 2438; x_wconf 82' lang='lat' dir='ltr'>graece,</span> <span class='ocrx_word' id='word_1_343' title='bbox 879 2396 919 2423; x_wconf 89' lang='lat' dir='ltr'>ut</span> <span class='ocrx_word' id='word_1_344' title='bbox 938 2396 973 2423; x_wconf 91' lang='lat' dir='ltr'>et</span> <span class='ocrx_word' id='word_1_345' title='bbox 992 2388 1066 2423; x_wconf 83' lang='lat' dir='ltr'>aliis</span> <span class='ocrx_word' id='word_1_346' title='bbox 1086 2395 1275 2437; x_wconf 82' lang='lat' dir='ltr'>acceptum</span> <span class='ocrx_word' id='word_1_347' title='bbox 1294 2396 1358 2433; x_wconf 91' lang='lat' dir='ltr'>est,</span> <span class='ocrx_word' id='word_1_348' title='bbox 1381 2391 1494 2440; x_wconf 86' lang='lat' dir='ltr'>cytis</span> <span class='ocrx_word' id='word_1_349' title='bbox 1513 2389 1598 2425; x_wconf 88' lang='lat' dir='ltr'>mihi</span> <span class='ocrx_word' id='word_1_350' title='bbox 1619 2399 1780 2436; x_wconf 88' lang='lat' dir='ltr'>vocatur,</span> 
     </span>
     <span class='ocr_line' id='line_1_37' title="bbox 215 2450 1765 2503; baseline 0.002 -15"><span class='ocrx_word' id='word_1_351' title='bbox 215 2451 311 2489; x_wconf 89' lang='lat' dir='ltr'>unde</span> <span class='ocrx_word' id='word_1_352' title='bbox 330 2450 506 2487; x_wconf 85' lang='lat' dir='ltr'>vocabula</span> <span class='ocrx_word' id='word_1_353' title='bbox 525 2454 725 2502; x_wconf 87' lang='lat' dir='ltr'>composita</span> <span class='ocrx_word' id='word_1_354' title='bbox 753 2451 945 2487; x_wconf 85' lang='lat' dir='ltr'>derivanda</span> <span class='ocrx_word' id='word_1_355' title='bbox 966 2451 1226 2500; x_wconf 69' lang='lat' dir='ltr'>(cytioblastus,</span> <span class='ocrx_word' id='word_1_356' title='bbox 1245 2454 1493 2499; x_wconf 58' lang='lat' dir='ltr'>‹gytcoplasmffl</span> <span class='ocrx_word' id='word_1_357' title='bbox 1512 2453 1765 2503; x_wconf 80' lang='lat' dir='ltr'>cytioderma).</span> 
     </span>
    </p>
   </div>
   <div class='ocr_carea' id='block_1_8' title="bbox 1436 2515 1504 2550">
    <p class='ocr_par' dir='ltr' id='par_1_10' title="bbox 1436 2515 1504 2550">
     <span class='ocr_line' id='line_1_38' title="bbox 1436 2515 1504 2550; baseline 0 0"><span class='ocrx_word' id='word_1_358' title='bbox 1436 2515 1504 2550; x_wconf 66' lang='grc' dir='ltr'>ΒΞ.)</span> 
     </span>
    </p>
   </div>
  </div>
 </body>
</html>
