2225 3020
1176 241 1223 276 28

417 347 526 381 sionis
544 357 610 394 per
628 343 734 378 horas
754 341 842 377 duas
860 340 919 377 vel
936 349 1009 377 tres
1027 342 1230 377 continuari
1247 342 1402 379 videtur.
1425 341 1584 379 Gonidia
1603 341 1749 377 demum
1765 340 1809 376 ad
1825 342 1985 390 quietem

417 408 563 444 reducia
581 406 698 441 forma
715 407 773 442 vix
797 412 931 440 mutata
957 407 1088 455 partim
1111 417 1279 441 vasorum
1304 406 1519 456 parietibus,
1555 407 1644 440 saxis
1664 413 1700 440 et
1732 404 1911 440 conservis
1934 403 1985 439 af-

416 471 484 506 fixa
502 472 754 520 reperiuntur,
790 471 920 519 partim
940 468 1144 518 superficiei
1170 481 1283 517 aquae
1308 471 1485 512 innatant,
1516 469 1579 503 ubi
1598 469 1664 503 sibi
1683 470 1835 504 invicem
1855 467 1985 502 adhae-

416 541 496 569 rent
514 541 550 569 et
568 532 737 568 stellatim
756 532 1031 582 aggregantur(¹
1043 535 1071 578 ).
1106 531 1229 567 Affixa
1247 531 1346 567 illico
1365 534 1629 567 incrementum
1648 539 1789 581 petunt,
1813 531 1984 580 elongan-

416 605 476 632 tur
494 605 530 632 et
546 599 718 645 utrinque
738 598 999 631 acuminantur.
1055 596 1275 645 Insequente
1296 594 1352 630 die
1373 595 1557 646 duplicem
1577 597 1646 629 iam
1665 593 1929 644 longitudinem
1950 601 1986 629 et

415 660 509 696 ultra
527 660 775 710 adipiscuntur
794 667 829 695 et
848 659 998 709 granulo
1018 658 1202 709 amylaceo
1218 661 1416 708 conspicuo
1432 658 1742 704 instruuntur(²);
1765 657 1905 693 dierum
1922 670 1985 692 sex

416 723 606 760 intervallo
627 726 850 758 incremento
870 722 1035 772 perfecto
1056 722 1177 758 denuo
1197 722 1512 757 fructificationem
1531 729 1670 772 parant.
1726 721 1826 757 Inter
1844 720 1987 770 gonidia

417 789 648 837 germinantia
674 789 833 836 (semper
857 786 1037 835 elongata)
1058 786 1124 821 alia
1148 788 1279 836 passim
1298 785 1371 821 vidi
1389 785 1521 821 sterilia
1540 798 1655 835 eaque
1675 787 1712 820 in
1736 784 1891 820 formam
1909 783 1985 833 glo-

417 852 543 886 bosam
562 852 740 893 abeuntia,
760 863 853 899 aqua
872 849 1003 899 largius
1023 851 1160 885 imbuta
1179 849 1364 893 lacunosa,
1388 848 1507 884 inflata
1527 857 1562 884 et
1577 848 1723 884 demum
1738 847 1987 897 deliquescen-

418 917 484 960 tia3
526 913 881 964 macrogonidiorum
913 921 949 948 et
979 912 1325 963 mierogonidiorum
1357 912 1601 948 differentiam
1626 920 1808 948 caeterum
1844 910 1987 947 nullam

420 979 622 1014 observavi.

900 1045 1175 1085 Explicatio
1203 1045 1390 1074 tabulae
1417 1046 1455 1074 11.
1477 1045 1513 1074 A.

523 1099 618 1127 1—2'1.
658 1096 824 1135 Specimina
849 1099 1021 1133 Hydrocytii
1041 1100 1202 1124 acuminati
1218 1096 1346 1132 iuniora,
1370 1096 1472 1125 cellula
1498 1095 1747 1135 holoplasmatica‚
1774 1094 1909 1134 plasmate
1935 1093 1986 1122 ho-

418 1159 562 1190 mogeneo
583 1159 646 1176 cum
666 1146 784 1187 globulo
803 1147 958 1186 amylaceo.

520 1204 617 1230 5—7.
659 1198 708 1237 Sp.
728 1198 885 1234 adultiora,
911 1197 1128 1238 cytioplasmate
1147 1197 1463 1237 punctato-granulato.
1484 1198 1518 1225 In
1537 1197 1584 1237 fig.
1605 1200 1620 1226 6
1645 1196 1755 1237 globuli
1776 1195 1912 1235 amylacei
1931 1195 1987 1223 duo

421 1251 649 1290 conspiciuntur⁷
669 1249 745 1288 quod
765 1249 851 1278 semel
870 1255 980 1277 tantum
1001 1249 1068 1277 vidi.

521 1308 543 1331 S.
573 1301 727 1340 Specimen
747 1300 855 1329 mediae
874 1300 983 1336 aetatis,
1004 1299 1219 1339 cytioplasmate
1239 1299 1386 1336 lacunoso⁷
1405 1298 1621 1327 subreticulato.

519 1358 545 1384 9.
569 1360 608 1381 1ο.
636 1351 800 1390 Specimina
818 1351 920 1387 adulta,
939 1351 1089 1379 evidenter
1108 1350 1365 1389 coeloplasmatica,
1385 1350 1504 1390 globulo
1523 1350 1668 1389 amylaceo
1688 1348 1806 1377 laterali.

521 1410 563 1432 11.
593 1403 745 1442 Specimen
765 1402 890 1430 adultum
910 1402 1055 1430 contentis
1075 1401 1198 1429 tinctura
1218 1401 1341 1429 iodinica
1359 1401 1514 1430 contractis
1533 1406 1562 1429 et
1581 1411 1594 1429 a
1614 1400 1820 1440 cytiodermate
1835 1399 1963 1427 remotis.

522 1460 563 1483 12.
593 1454 643 1493 Sp.
664 1453 821 1492 perfectum
836 1454 870 1481 ad
888 1459 991 1481 statum
1011 1452 1238 1481 fructificationis
1263 1453 1419 1488 transiens,
1438 1452 1553 1480 maculis
1578 1451 1776 1491 pallidioribus
1802 1449 1988 1491 gonidiorurn

420 1506 562 1546 originem
579 1504 778 1534 indicantibus.

523 1564 564 1586 13.
593 1556 746 1595 Specimen
766 1555 950 1590 fructificans,
979 1554 1163 1594 gonidiorum
1183 1553 1348 1592 pavimento
1368 1553 1496 1592 parietali
1515 1552 1655 1592 perfecto.

523 1609 564 1636 1li.
594 1607 643 1646 Sp.
667 1607 850 1646 zoogonidiis
879 1605 1000 1635 evolutis
1026 1611 1054 1633 et
1078 1605 1151 1633 intra
1175 1604 1375 1644 goniocytium
1395 1605 1507 1644 agitatis
1526 1604 1678 1643 repletum,
1704 1614 1719 1632 e
1738 1603 1834 1642 stipite
1852 1602 1986 1630 avulsum.

420 1659 602 1699 Zoogonidia
622 1668 672 1696 per
691 1664 850 1696 aperturam
870 1656 1019 1685 basilarem
1038 1662 1186 1696 angustam
1206 1655 1308 1695 egredi
1328 1661 1477 1684 conantur.

525 1717 564 1738 15.
592 1709 670 1737 Idem
691 1708 749 1737 sere
768 1714 942 1737 evacuatum.
980 1706 1161 1747 Zoogonidia
1178 1707 1252 1734 intra
1271 1712 1299 1734 et
1318 1712 1395 1735 extra
1414 1706 1613 1746 goniocytium
1633 1705 1717 1734 alacri
1737 1710 1817 1733 motu
1836 1704 1987 1744 agitantur.

421 1761 523 1797 Ciliae‚
543 1761 609 1789 dum
629 1760 784 1800 agitantur,
805 1770 863 1787 non
879 1759 1060 1797 conspicuae.

525 1814 565 1841 16.
594 1812 747 1850 Specimen
768 1810 952 1850 zoogonidiis
972 1809 1092 1850 agilibus
1112 1808 1253 1847 repletum
1273 1813 1386 1836 tumore
1406 1807 1515 1836 laterali
1533 1817 1599 1835 mox
1618 1812 1747 1846 rupturo.

525 1867 565 1893 17.
593 1862 672 1890 Idem
693 1868 806 1890 tumore
822 1867 907 1900 rupto
924 1860 983 1889 fere
1003 1865 1181 1889 evacuatum.

524 1920 565 1942 18.
593 1913 775 1952 Zoogonidia
794 1923 849 1951 ope
872 1912 1013 1940 tincturae
1035 1910 1175 1939 iodinicae
1200 1915 1313 1946 necata,
1340 1915 1489 1938 contracta
1512 1914 1540 1938 et
1558 1908 1672 1938 fuscata.
1708 1907 1799 1937 Ciliae
1817 1906 1989 1937 vibratoriae

420 1965 504 1994 binae
520 1964 747 2003 conspiciuntur.

524 2022 564 2048 19.
593 2014 776 2054 Zoogonidia
788 2013 913 2042 natantia
931 2012 1063 2041 stellatim
1083 2017 1231 2052 congesta,
1250 2011 1490 2051 germinationem
1510 2010 1646 2040 ineuntia.

523 2072 565 2096 20.
592 2065 699 2094 Eadem
719 2070 785 2104 post
799 2065 872 2093 diem
892 2064 1028 2103 elapsum.
1066 2062 1208 2091 Globulus
1223 2062 1381 2102 amylaceus
1399 2062 1586 2101 conspicitur.

591 2117 714 2156 Figurae
733 2126 832 2144 omnes
852 2115 1043 2154 proportione
1062 2109 1110 2159 5229
1129 2120 1235 2142 auctae.

564 2232 599 2267 2.
634 2231 679 2265 H.
700 2231 874 2266 obtusum.
904 2229 1048 2266 Cellula
1068 2228 1225 2277 oblonga
1243 2227 1302 2264 vel
1321 2234 1435 2271 ovata,
1464 2227 1622 2263 breviter
1648 2233 1682 2261 et
1708 2226 1861 2276 abrupte
1888 2227 1987 2275 stipi-

423 2303 504 2338 tata,
527 2297 628 2344 apice
645 2295 791 2338 obtusaj,
813 2293 1047 2343 cytioplasma
1068 2291 1274 2327 maculatim
1292 2293 1550 2340 interruptum.

500 2445 548 2485 (¹)
575 2449 646 2477 Tab.
665 2449 703 2477 Π.
724 2449 799 2480 f.19.

501 2502 550 2549 (²)
580 2508 651 2536 Ibid.
671 2509 742 2537 s.20.
