2225 3020
975 210 1019 244 81

352 319 404 348 Ad
415 330 432 347 n
443 329 461 347 o
472 324 491 346 t.
531 318 576 346 De
590 327 752 356 synonymo
768 316 900 355 Turpini,
927 316 1002 354 quod
1017 316 1050 345 ad
1072 316 1143 344 hanc
1157 316 1281 355 speciem
1296 326 1356 345 non
1370 317 1431 346 sine
1446 316 1532 345 dubio
1547 317 1656 353 adduxi,
1683 327 1776 355 neque

216 381 231 399 e
247 370 448 409 descriptIone‚
476 378 567 407 neque
582 379 596 396 e
612 368 701 408 figura
716 367 822 396 autoris
837 367 903 396 satis
923 368 992 395 certi
1007 367 1110 405 aliquid
1131 368 1286 395 eruendum
1302 373 1352 395 est.
1381 367 1526 406 Tui-pinus
1542 367 1570 396 in
1586 367 1777 407 descriptione

216 420 329 461 generis
358 422 399 459 (p.
414 421 480 455 318)
501 418 613 448 cellulas
640 425 669 447 12
694 418 816 453 iudicat,
844 418 872 446 in
888 418 1080 456 descriptione
1095 418 1200 456 speciei
1227 419 1269 456 (p.
1284 418 1350 452 319)
1379 418 1490 446 cellulas
1506 422 1521 446 (ᾖ
1536 418 1709 447 bicon-nutas.
1744 419 1776 447 In

215 472 306 512 figura
333 470 542 499 evidentissime
568 469 671 498 fictitio
698 480 779 498 more
807 475 940 497 exornata
969 468 1131 497 cellularum
1161 468 1219 497 basi
1245 468 1274 496 in
1302 468 1436 496 annulum
1465 470 1681 498 coniunctarum
1709 469 1777 498 fines

215 533 274 551 non
296 521 466 550 indicantur.
493 520 610 550 Annulo
626 520 739 549 cellulas
755 520 885 559 iungenti
907 520 1044 548 foramina
1059 523 1074 548 ί)
1092 519 1275 554 tribuuntur,
1297 528 1350 557 qua
1371 529 1401 547 re
1416 520 1627 548 demonstratur
1640 521 1747 548 discum
1763 531 1778 549 e

214 573 378 602 cellularum
393 572 466 600 serie
481 571 592 601 interna
607 571 759 600 formatum
775 571 879 607 adesse,
895 582 910 600 e
927 570 1034 600 cellulis
1049 576 1096 598 aut
1114 580 1128 598 o
1143 569 1328 608 simplicibus,
1342 575 1390 597 aut
1408 577 1422 598 ο·
1438 571 1620 610 emarginatis
1636 572 1778 610 composi-

214 630 282 652 tum.
304 623 381 651 Hinc
397 622 524 658 dublum,
541 628 633 651 utrum
648 625 801 650 Helierella
816 625 990 658 Napoleonis
1010 621 1043 649 ad
1064 624 1133 649 Ped.
1152 624 1285 657 simplex,
1311 630 1345 648 an
1365 620 1399 648 ad
1414 623 1447 648 P.
1460 630 1608 656 pertusum
1628 622 1776 661 pertineat.

215 673 287 703 Cum
304 674 334 702 P.
357 674 478 712 simplici
506 673 670 703 cellularum
700 672 791 702 forma
812 673 878 702 satis
898 672 971 702 bene
998 672 1136 711 quadrare
1162 671 1292 707 videtur,
1319 670 1445 710 apicibus
1472 671 1665 701 obtusioribus
1693 673 1776 712 paulo

214 725 359 754 recedens.
394 725 491 761 Quum
520 734 654 753 numerus
682 724 846 753 cellularum
874 723 1020 752 radialium
1048 722 1238 751 duodenarius
1269 727 1391 761 quatuor
1416 721 1529 751 cellulas
1551 723 1619 752 disci
1642 724 1776 762 postulet,

212 776 373 815 Turpinum
395 775 487 814 quoad
510 785 658 804 numerum
679 775 850 804 foraminum
866 785 982 810 errasse,
1004 774 1149 814 specimen
1173 773 1283 803 scilicet
1304 784 1318 801 e
1341 772 1449 802 cellulis
1471 773 1564 807 4-1-12
1588 775 1774 813 compositum

212 833 276 856 ante
296 826 394 855 oculos
410 826 539 855 habuisse
553 826 720 865 suspicarer.

362 897 397 932 2.
427 897 471 931 P.
491 905 634 932 ovatum
663 896 875 943 (Ehrenh).

348 966 571 999 Asterodictyon
585 970 710 998 ovatum,
725 960 900 1000 corpusculis
915 961 1016 996 ovatis,
1037 960 1112 999 stylo
1128 960 1218 1000 longo
1234 960 1401 995 terminatis,
1423 960 1587 999 granulatis‚
1606 960 1706 989 ordine
1725 961 1775 988 du-

211 1013 277 1052 plici
293 1013 479 1042 concentrico
495 1013 524 1041 in
537 1013 644 1041 stellam
661 1013 842 1048 consociatis,
856 1012 955 1040 mediis
972 1019 997 1048 3,
1011 1011 1214 1052 marginalibus
1234 1017 1272 1040 10.
1295 1010 1420 1039 Ehrenb.
1440 1012 1505 1040 Ber.
1520 1011 1590 1040 iiber
1605 1011 1629 1039 d.
1647 1011 1732 1039 Verb.
1748 1011 1774 1039 d.

210 1064 261 1093 Ak.
282 1064 356 1093 1545.
375 1075 402 1103 p.
418 1069 459 1094 71.

349 1118 531 1143 Monactinus
560 1122 660 1142 ovatus
687 1114 722 1143 K.
740 1114 790 1153 Sp.
806 1113 873 1154 Alg.
888 1124 916 1153 p.
933 1114 992 1145 192'1.

351 1170 499 1221 Species
523 1171 610 1206 mihi
634 1173 766 1220 ignota,
796 1172 833 1206 in
859 1170 940 1206 lacu
959 1169 1003 1205 ad
1026 1170 1190 1205 Beeslsow
1218 1183 1292 1205 non
1310 1169 1441 1220 procul
1461 1183 1478 1204 a
1498 1169 1668 1205 Berolino
1689 1183 1707 1204 a
1726 1169 1772 1204 cl.

211 1234 423 1283 Ehrenberg
442 1234 595 1270 detecta.

350 1298 385 1333 3.
418 1298 450 1331 Ρ
470 1299 695 1347 triangulum
717 1297 928 1342 (Ehrenb.).

346 1369 570 1403 Asterodictyon
585 1370 771 1401 triangulum,
788 1365 964 1404 corpusculis
986 1365 1111 1394 laevibus
1133 1364 1295 1405 triangulis,
1309 1365 1411 1393 ordine
1425 1364 1529 1403 triplici
1547 1365 1731 1393 concentrico
1747 1365 1775 1393 in

210 1417 316 1445 discum
331 1417 473 1445 stellarem
490 1417 659 1452 coniunctis,
675 1422 775 1445 centro
784 1427 883 1452 vacuo,
898 1415 996 1444 mediis
1008 1423 1032 1451 5,
1047 1416 1232 1454 sequentibus
1245 1424 1283 1452 w,
1299 1415 1501 1456 marginalibus
1516 1422 1585 1444 15-
1596 1418 1633 1444 16.
1651 1415 1774 1444 Elirenb.

211 1467 229 1495 l.
245 1478 268 1496 c.
302 1479 329 1506 p.
345 1473 386 1498 71.

348 1521 528 1546 Manactinus
547 1521 735 1552 Triangulum
749 1518 784 1545 K.
800 1517 850 1556 Sp.
865 1517 932 1556 Alg.
950 1517 1009 1548 1971.

349 1563 444 1599 Cum
462 1565 576 1613 priori
593 1564 712 1613 specie
731 1562 865 1598 detexit
883 1562 930 1598 cl.
949 1562 1173 1611 Ehrenberg.

498 1761 600 1803 Sect.
629 1761 680 1802 ΙΙ.
741 1760 1175 1802 ANOMOPEDIUM
1206 1760 1325 1820 (mg.
1353 1762 1487 1815 1849).

350 1850 538 1887 Coenobia
558 1851 676 1884 minus
703 1848 890 1898 regularia,
914 1848 1129 1884 cellularum
1149 1848 1276 1884 ordine
1296 1863 1392 1884 nunc
1413 1852 1656 1893 comentrico,
1680 1864 1774 1885 nunc

211 1912 384 1963 parallele
403 1915 545 1957 seriato,
576 1912 675 1948 disco
697 1914 870 1947 continuo
883 1940 892 1956 ‚
921 1912 1075 1962 simplici
1094 1920 1154 1947 aut
1172 1914 1312 1962 saepius
1329 1912 1470 1948 cellulis
1489 1915 1775 1963 superimpositis

210 1985 359 2012 stratum
389 1976 588 2012 secundum
620 1975 883 2026 incompletum
914 1975 1152 2011 formantibus
1183 1984 1302 2011 aucto.
1350 1975 1515 2012 Cellulae
1541 1989 1665 2012 omnes
1684 1979 1772 2012 inte-

212 2053 310 2090 grae,
338 2040 632 2084 subconformes,
660 2038 968 2082 suborbiculares‚
997 2038 1208 2089 marginales
1236 2040 1420 2075 cornubus
1439 2039 1658 2090 plerumque
1684 2041 1774 2075 binis

211 2101 424 2139 brevissimis
443 2103 655 2153 apiculatae.

349 2181 384 2215 4.
416 2179 458 2214 Ρ.
477 2185 655 2229 integrum
677 2179 849 2229 (Nfigeli).
888 2178 1084 2214 Character
1101 2177 1197 2214 idem
1217 2191 1257 2213 ac
1276 2181 1455 2214 sectionis.

350 2251 532 2277 Pediastrum
562 2248 821 2289 (Anomopedium)
848 2252 990 2282 integrum
1008 2247 1080 2287 Niig.
1097 2247 1169 2275 einz.
1184 2247 1249 2286 Alg.
1265 2248 1365 2285 (ts-³19)
1393 2260 1420 2287 p.
1432 2250 1476 2279 96.
1491 2254 1509 2276 t.
1524 2248 1558 2276 V.
1574 2247 1592 2275 f.
1609 2248 1642 2276 Β.
1658 2249 1683 2276 1'1.
1698 2248 1773 2278 a—l.

352 2305 488 2349 Turici‚
512 2306 555 2341 ad
574 2320 683 2357 rupes
703 2305 874 2349 madidas,
897 2305 1030 2340 detexit
1051 2304 1097 2340 cl.
1119 2304 1258 2354 Nageli.

351 2374 467 2414 Species
481 2375 613 2404 sectionis
630 2376 720 2411 unica,
740 2375 817 2404 cuius
841 2375 1061 2413 descriptionem
1077 2373 1093 2402 l.
1109 2385 1132 2402 c.
1149 2374 1228 2402 dedit
1248 2373 1282 2402 cl.
1303 2374 1415 2413 N'ageli.
1457 2373 1632 2403 Cellularum
1653 2385 1772 2404 numero

213 2433 240 2455 et
255 2425 456 2455 distributione
471 2425 551 2454 valde
565 2428 661 2462 variat,
682 2426 789 2456 cellulis
811 2428 831 2461 l,
848 2433 871 2461 s,
890 2433 929 2461 10,
943 2432 976 2454 ἐζ
992 2425 1036 2454 vel
1051 2425 1094 2461 6¹⁷5,
1113 2431 1231 2453 stratum
1253 2424 1372 2464 simplex
1392 2430 1438 2454 aut
1458 2425 1568 2464 saepius
1591 2425 1692 2464 duplex
1712 2426 1772 2455 sor-

213 2477 363 2507 mantibus.
390 2477 503 2516 Figuris
522 2477 684 2517 Niigelianis
700 2489 777 2507 casus
792 2482 941 2516 sequentes
955 2481 1218 2516 repraesentantur:

1463 2533 1493 2568 L
