2225 3020
1151 222 1199 256 24

962 326 1225 366 Explicatio
1255 329 1335 358 tab.
1364 329 1387 358 I.

1007 399 1153 424 Codiolum
1171 401 1346 432 gregarium.

492 480 575 502 1—2.
605 473 769 512 Specimina
788 472 938 510 iuvenilia,
957 473 1018 502 sine
1037 473 1126 502 dubio
1145 483 1160 502 e
1179 475 1362 514 zoogonidiis
1381 480 1473 511 enata,
1492 474 1612 515 globulo
1630 475 1718 504 unico
1738 474 1886 510 instructa,
1910 474 1959 503 sti-

392 527 451 565 pite
471 524 598 553 nondum
618 525 785 563 conspicuo.

495 582 520 605 3.
550 575 713 615 Specimina
731 581 822 604 aetate
842 575 927 614 paulo
946 575 1129 614 provectiora
1149 586 1213 604 cum
1233 575 1338 614 stipitis
1356 576 1463 616 hyalini
1482 576 1656 605 rudimento.

491 626 576 655 4—b.
605 626 768 665 Specimiua
787 632 878 655 aetate
897 626 987 666 magis
1003 626 1092 655 adhuc
1111 632 1263 665 provecta,
1289 627 1386 666 stipite
1412 627 1474 666 plus
1498 627 1627 656 minusve
1649 626 1804 667 elongato,
1832 626 1958 667 globulis

389 677 519 718 pluribus
543 677 767 706 subuniseriatis.

494 734 519 760 7.
548 729 702 768 Specimeu
722 728 853 764 multius,
872 728 1052 756 incremento
1071 727 1277 768 longitudinali
1297 730 1404 767 (neque
1422 739 1491 757 vero
1512 728 1700 766 horizontali)
1719 728 1859 758 absoluto.

493 786 518 810 8.
546 781 643 808 Status
662 779 848 808 intermedius
867 779 943 807 inter
962 784 975 808 7
996 784 1025 806 et
1042 784 1067 810 9.

492 837 518 863 9.
547 831 700 870 Specimen
720 830 863 864 adultum,
889 829 1068 858 incremento
1089 829 1291 870 longitudinali
1317 836 1345 858 et
1362 829 1538 859 horizontali
1557 830 1652 859 clavae
1676 829 1823 864 absoluto;
1849 829 1959 870 globuli

394 882 621 911 numerosissimi
641 881 745 920 sparsi;
765 881 904 909 utriculus
924 880 1114 919 primordialis
1130 881 1310 920 conspicuus.

495 940 572 962 10—
583 939 622 961 12.
651 933 746 960 Status
762 931 918 960 transitorii
935 931 968 959 ad
983 931 1246 960 fructificationem:
1263 932 1291 960 in
1307 931 1354 971 sig.
1371 938 1399 960 10
1414 931 1523 972 globuli
1538 931 1673 971 amylacei
1687 932 1716 960 in
1733 931 1880 960 acervulos
1896 941 1960 971 gra-

391 984 524 1013 nulorum
549 984 691 1012 minorum
717 982 827 1021 dilapsi,
847 982 876 1010 in
894 988 921 1011 11
951 988 979 1011 et
1006 988 1038 1011 ¹12
1058 983 1177 1011 omnino
1197 982 1336 1011 dissoluti.
1370 983 1403 1011 In
1424 983 1470 1023 fig,
1493 989 1524 1011 10
1540 989 1568 1012 et
1592 989 1619 1012 12
1640 982 1826 1022 cytioplasma
1846 982 1905 1011 basi
1924 982 1957 1010 ab

391 1035 595 1064 endodermate
609 1033 762 1073 paullulum
782 1039 925 1062 remotum
945 1033 1121 1062 observatur.
1151 1033 1240 1062 Ciliae
1260 1034 1440 1062 tenuissimae
1460 1034 1488 1062 in
1507 1033 1656 1073 superficie
1674 1034 1861 1073 speciminum
1884 1039 1914 1062 10
1933 1039 1961 1061 et

395 1095 421 1115 11
446 1086 615 1125 conspicuae
634 1084 846 1124 vegetationem
862 1084 1039 1123 parasiticam
1058 1090 1275 1123 repraesentant
1294 1095 1308 1113 e
1334 1084 1387 1113 silis
1406 1085 1581 1124 simplicibus
1608 1085 1779 1114 tenuissimis
1806 1091 1835 1113 et
1859 1085 1960 1113 incon-

391 1137 488 1177 spicue
508 1136 662 1165 articulatis
682 1138 887 1173 (Leplotrichis
907 1135 950 1164 vel
970 1138 1164 1171 Ilygrocrncis
1180 1135 1303 1173 speciem
1313 1135 1349 1171 ἲ).

499 1193 537 1216 13.
566 1187 719 1225 Specimen
735 1186 918 1226 zoogonidiis
937 1186 1089 1225 repletum,
1108 1186 1315 1214 mesodermate
1334 1185 1495 1225 gelatinoso
1514 1186 1679 1214 incrassato.

494 1239 537 1267 131.
566 1238 632 1266 Pars
652 1238 744 1266 media
758 1237 921 1276 speciminis
938 1237 1037 1273 adulti,
1053 1237 1230 1276 cytioderma
1250 1237 1372 1266 exterius
1388 1242 1415 1265 et
1434 1237 1565 1273 interius,
1584 1248 1636 1266 nec
1655 1247 1715 1265 non
1730 1236 1870 1273 medium,
1885 1236 1961 1275 quod

391 1290 516 1329 stipitem
536 1289 645 1328 implet,
664 1288 828 1317 ostendens.

495 1347 537 1370 15.
566 1340 672 1368 Eadem
692 1339 816 1367 tinctura
835 1339 893 1367 iodi
913 1344 941 1367 et
960 1338 1042 1367 acido
1061 1338 1227 1377 sulphurico
1246 1337 1400 1377 paullulum
1420 1338 1512 1367 diluto
1532 1344 1658 1367 tractata.
1686 1339 1866 1367 Mesoderma
1885 1338 1962 1378 gela-

391 1392 516 1421 tinosum
546 1391 622 1420 inter
647 1390 798 1419 exoderma
826 1397 854 1418 et
874 1390 1049 1418 endoderma
1077 1389 1223 1418 volumine
1248 1395 1361 1417 auctum
1392 1395 1452 1425 est,
1478 1390 1555 1418 cuius
1576 1395 1662 1418 strata
1683 1390 1712 1418 in
1730 1389 1825 1428 stipite
1844 1389 1960 1428 conspi-

390 1443 515 1472 ciuntur.

495 1498 536 1523 16.
564 1493 632 1521 Pars
651 1492 777 1521 basilaris
796 1492 899 1531 stipitis
918 1491 1018 1520 iisdem
1037 1490 1221 1530 reagentibus
1242 1491 1363 1527 tractati,
1383 1496 1414 1519 ut
1431 1496 1517 1519 strata
1535 1491 1677 1530 gelatinae
1696 1496 1859 1530 appareant.

495 1550 536 1575 17.
567 1544 653 1573 Clava
671 1543 834 1582 speciminis
849 1543 931 1571 acido
950 1542 1116 1581 sulphurico
1136 1542 1224 1581 magis
1245 1547 1433 1570 concentrato
1455 1542 1583 1570 tractati:
1605 1542 1780 1571 endoderma
1796 1542 1960 1575 evanidum;

391 1596 568 1626 mesoderma
584 1595 701 1623 maxime
720 1600 833 1622 auctum
850 1600 878 1622 et
893 1594 920 1622 in
936 1593 1089 1633 gelatinam
1106 1593 1220 1621 fluidam
1239 1598 1393 1627 mutatum3
1416 1593 1567 1621 exoderma
1586 1592 1740 1627 intactum3
1760 1593 1788 1622 in
1808 1592 1960 1633 cytioplas-

391 1653 466 1677 mate
480 1653 597 1676 stratum
618 1646 741 1674 exterius
761 1644 879 1673 decolor
892 1644 1045 1681 (utriculus
1066 1643 1271 1682 primordialis)
1294 1644 1480 1682 conspicitur.

492 1699 615 1738 Figurae
636 1702 726 1725 1-13
742 1696 933 1736 proportione
953 1695 1020 1724 circ.
1041 1690 1104 1739 Q3
1119 1694 1167 1735 fig.
1188 1694 1292 1724 14—17
1310 1694 1377 1723 circ.
1399 1689 1444 1739 {P
1465 1700 1572 1723 auctae.

1154 1937 1204 1972 ΙΙ.

945 2004 1402 2042 HYDROCYTIUM.

533 2103 686 2140 Thallus
705 2102 866 2145 adnatus‚
890 2101 1137 2137 unicellularis
1153 2115 1161 2145 3
1185 2100 1317 2136 cellula
1336 2101 1514 2150 oblonga,
1548 2101 1623 2136 basi
1642 2103 1678 2136 in
1697 2102 1855 2151 stipitem
1873 2101 1959 2152 hya-

394 2170 507 2205 linum
533 2169 783 2203 brevissimum
804 2173 995 2209 attenuata,
1019 2163 1347 2214 codoplasmafica,
1372 2164 1644 2215 cytioplasmate
1668 2164 1785 2209 viridi,
1809 2164 1959 2214 globulo

396 2232 580 2283 amylaceo
595 2233 705 2266 unico
722 2231 926 2265 excentrico
942 2228 985 2264 ad
1002 2228 1093 2263 latus
1108 2230 1290 2264 internum
1305 2230 1403 2263 strati
1422 2228 1623 2278 plasmatici
1637 2230 1714 2263 sito.
1734 2228 1960 2278 Zoogonidia

396 2295 675 2346 cytioplasmatis
694 2293 874 2344 parietalis
889 2292 1063 2328 divisione
1078 2292 1289 2327 simultanea
1310 2299 1344 2327 et
1363 2291 1610 2341 multipartitia
1630 2299 1719 2335 orta,
1742 2295 1959 2328 numerosis-

396 2361 502 2403 sima,
524 2367 633 2394 strato
654 2357 826 2408 simplici,
850 2357 1045 2406 pavimenti
1063 2357 1184 2399 instar,
1207 2357 1335 2405 parieti
1353 2354 1548 2405 applicata,
1571 2368 1655 2390 mox
1673 2354 1799 2399 libera,
1821 2369 1888 2406 per
1903 2363 1959 2391 to-

396 2430 474 2458 tum
497 2421 650 2457 cellulae
676 2421 800 2456 lumen
827 2419 946 2456 vivide
976 2421 1118 2468 agitata,
1152 2418 1298 2454 demum
1327 2431 1345 2454 e
1370 2426 1522 2468 ruptura
1552 2418 1706 2454 cellulae
1733 2421 1958 2470 (goniocytii)

396 2485 613 2536 plerumque
633 2484 771 2521 laterali
790 2485 1038 2527 examinantia,
1062 2481 1232 2532 oblonga,
1258 2482 1346 2518 ciliis
1365 2482 1568 2518 vibratoriis
1586 2483 1678 2518 binis
1697 2485 1881 2518 instructa.
