2225 3020
1220 207 1241 241 4

449 325 532 347 nem
550 313 698 346 omnino
718 311 771 344 sui
790 310 875 343 iuris
894 309 1125 352 constituere,
1148 320 1232 343 cum
1253 307 1469 358 Dicotyleis,
1498 310 1591 343 inter
1610 320 1702 357 quae
1722 306 1767 342 ad
1785 307 1881 342 hunc
1900 320 2015 357 usque

452 375 547 410 diem
566 388 585 409 a
603 373 833 423 systematicis
852 371 1037 421 plerisque
1056 370 1274 420 relegantur,
1305 373 1450 406 minime
1470 370 1698 421 iungendam,
1722 370 1938 406 confirmant
1954 370 2015 405 ha-

450 439 544 473 bitus
565 436 632 483 (¹),
663 435 796 470 florum
814 443 993 470 structura
1013 448 1121 484 quam
1140 436 1291 469 maxime
1310 434 1533 484 imperfecta,
1563 436 1752 469 staminum
1773 433 1962 483 dispositio
1984 441 2019 469 et

450 501 566 536 forma
591 498 736 534 insolita
764 498 832 545 (²),
863 498 950 548 ligni
976 498 1122 542 fabrica,
1158 499 1319 547 inprimis
1345 511 1432 534 vero
1460 499 1697 547 generationis
1725 497 1879 541 indoles,
1915 499 2017 532 cuius

449 562 769 598 manifestissimam
805 575 888 597 cum
925 564 1153 612 generatione
1184 561 1511 611 Cryptogamarum
1544 560 1784 597 vascularium
1820 560 2018 610 analogiam

450 626 768 662 Hofmeisterus
793 633 917 661 noster
941 628 1079 675 egregie
1105 624 1308 660 illustravit.
1355 624 1458 660 Patet
1484 623 1612 660 exinde
1638 623 1937 674 Gymnospermis
1965 626 2017 659 in-

450 689 576 725 fimum
601 692 694 725 inter
718 689 1005 738 Phanerogamas
1031 688 1166 732 locum,
1197 687 1450 738 Cryptogamis
1477 689 1754 731 conterminum,
1784 687 2019 723 tribuendum

453 766 540 798 esse,
577 753 679 803 quod
705 765 779 788 non
803 754 919 787 minus
947 752 1139 802 geologicis
1165 765 1273 801 quam
1296 750 1592 801 morphologicis‚
1624 751 1822 786 rationibus
1849 763 2018 801 compro-

451 818 569 853 batur.

589 880 714 916 Altera
734 879 892 929 denique
910 879 1262 928 Phanerogamarum
1282 878 1420 922 divisio,
1452 892 1522 928 qua
1541 891 1700 913 summus
1719 880 1818 927 regni
1837 878 2017 927 vegetabi—

452 944 494 979 lis
523 943 653 993 gradus
682 942 924 987 adscenditur,
961 956 1086 978 omnes
1117 942 1256 992 plantas
1287 942 1463 977 floriferas
1494 941 1674 990 simulque
1702 954 1786 977 vere
1817 941 2019 977 fructiferas

452 1006 758 1057 (Anthophyta
786 1020 835 1041 an
846 1008 1060 1055 giosperm
1071 1009 1105 1053 a)
1137 1006 1404 1056 complectitur,
1440 1008 1533 1041 inter
1561 1018 1648 1054 quas
1674 1004 1956 1055 Monocotyleae
1984 1013 2017 1040 et

451 1070 666 1121 Dicotyleae
694 1070 874 1105 inferioris
902 1071 1075 1104 momenti
1101 1069 1376 1105 subdivisiones.

591 1133 912 1179 Quemadmodum
933 1146 1083 1182 regnum
1102 1132 1301 1182 vegetabile
1323 1131 1446 1181 quoad
1466 1131 1682 1167 evolutionis
1702 1131 1832 1167 scalam
1851 1145 1933 1166 cum
1948 1133 2017 1166 sin-

451 1198 532 1248 gula
550 1197 672 1247 planta
692 1200 728 1232 in
748 1209 876 1247 genere
897 1198 1076 1240 convenit,
1100 1198 1148 1231 sic
1164 1195 1369 1246 specialiter
1385 1195 1506 1245 quoad
1521 1197 1636 1244 prima
1652 1194 1764 1229 infimi
1779 1194 1908 1244 gradus
1923 1197 2020 1229 initia

451 1263 653 1311 comparari
678 1268 810 1311 potest,
839 1268 879 1295 ut
903 1260 962 1295 lex
987 1259 1170 1309 analogiae
1195 1272 1213 1294 e
1239 1261 1472 1308 congruentia
1491 1258 1693 1293 infimarum
1713 1258 1917 1308 plantarum
1937 1271 2019 1292 cum

450 1324 575 1360 infimo
601 1325 744 1375 plantae
771 1326 999 1374 (superioris)
1028 1331 1119 1358 statu
1145 1323 1366 1358 luculentius
1392 1324 1496 1358 etiam
1516 1322 1698 1372 adpareat.
1743 1321 1894 1357 Constat
1913 1334 2020 1357 omne

450 1388 594 1439 plantae
620 1388 777 1438 singulae
803 1390 942 1422 initium
969 1387 1047 1422 fieri
1069 1400 1135 1436 per
1154 1386 1325 1421 cellulam
1344 1386 1537 1421 solitariam
1558 1393 1592 1421 et
1610 1385 1822 1435 simplicem,
1844 1387 1916 1420 sive
1936 1398 2019 1435 spo-

451 1466 539 1496 ram,
570 1454 642 1488 sive
668 1451 851 1487 sacculum
878 1450 1172 1501 embryonalem3
1204 1457 1343 1485 constat
1368 1457 1403 1485 et
1426 1449 1684 1484 succedaneam
1712 1450 1977 1497 generationem
2003 1462 2021 1484 a

452 1516 583 1551 cellula
603 1515 758 1565 simplici
784 1514 956 1558 (vesicula
977 1513 1218 1564 embryonali)
1246 1515 1421 1562 originem
1440 1512 1589 1557 ducere,
1621 1511 1811 1561 analogum
1830 1511 2020 1547 exordium

451 1593 601 1629 regnum
616 1578 813 1628 vegetabile
830 1585 1013 1618 monstrat,
1032 1580 1068 1612 in
1087 1579 1188 1612 cuius
1204 1576 1429 1612 incunabulis
1444 1576 1587 1626 plantae
1603 1583 1800 1610 occurrunt
1815 1583 2021 1611 constanter

453 1642 777 1678 unicellulares
804 1644 827 1677 i.
846 1655 878 1677 e.
902 1655 944 1676 ex
967 1643 1072 1676 unica
1097 1640 1229 1676 cellula
1253 1648 1370 1675 totum
1391 1639 1607 1675 evolutionis
1626 1641 1780 1689 spatium
1800 1638 2019 1688 perdurante

453 1715 488 1742 et
512 1719 618 1742 omne
643 1708 734 1742 vitae
760 1707 944 1755 negotium
970 1704 1238 1739 administrante
1261 1711 1477 1738 constantes.
1522 1702 1629 1738 Tales
1648 1702 1788 1752 plantas
1807 1702 2019 1738 unicellula-

453 1784 509 1806 res
528 1772 679 1807 inveniri
696 1772 764 1804 iam
784 1768 923 1804 dudum
944 1776 978 1803 et
996 1781 1102 1817 saepe
1123 1767 1270 1816 quidem
1290 1766 1473 1810 edoctum,
1496 1765 1558 1801 sed
1579 1779 1645 1815 per
1664 1765 1828 1815 exempla
1847 1765 1939 1801 male
1959 1779 2019 1801 co-

454 1836 547 1884 gnita
573 1841 608 1868 et
629 1833 848 1883 plerumque
874 1845 1025 1867 erronea
1049 1830 1334 1866 demonstratum
1358 1838 1422 1873 est,
1449 1829 1656 1878 usquedum
1681 1842 1816 1865 novum
1836 1828 2020 1865 doctrinae

453 1897 729 1933 fundamentum
755 1895 801 1930 cl.
828 1895 984 1944 Nageli
1014 1896 1148 1944 posuit,
1182 1893 1355 1943 Algarum
1381 1892 1673 1928 unicellularium
1705 1905 1834 1942 genera
1864 1892 2021 1943 plurima

453 1960 605 1996 sollicite
625 1959 839 1995 illustrando
860 1966 894 1993 et
914 1958 958 1993 ad
977 1971 1107 1994 novam
1127 1957 1339 1993 methodum
1360 1955 1601 2007 disponendO.
1645 1957 1695 1991 At
1713 1956 1854 2000 limites,
1887 1957 2019 2006 quibus

454 2032 557 2059 autor
582 2026 618 2058 in
642 2023 739 2058 hisce
766 2022 891 2058 studiis
915 2024 1172 2057 versatissimus
1191 2021 1299 2070 Algas
1317 2020 1573 2055 unicellulares
1597 2021 1886 2069 circumscripsit,
1916 2022 2020 2055 nimis

453 2088 591 2124 relativi
625 2087 710 2122 mihi
741 2086 909 2122 videntur
942 2094 976 2121 et
1007 2088 1064 2121 vix
1096 2087 1216 2120 stricte
1251 2083 1478 2127 observandi,
1521 2082 1621 2132 quod
1658 2082 1805 2132 quidem
1840 2085 1875 2118 in
1909 2083 2018 2119 detri-

515 2220 560 2254 (¹)
593 2220 790 2253 Cycadearnm
818 2215 927 2244 habitus
957 2214 1102 2243 manifeste
1132 2214 1298 2249 filicoideus,
1333 2216 1533 2249 Com‘ferarum
1561 2211 1781 2251 Lycopodiaceis
1813 2212 2019 2250 quodammodo

455 2268 557 2296 similis.
591 2266 759 2296 salisburiae
782 2266 889 2295 foliatio
913 2265 1026 2294 nonnisi
1047 2265 1184 2293 Marsiliae
1208 2271 1236 2293 et
1254 2264 1371 2292 Filicum
1395 2262 1592 2292 nonnullarum
1608 2262 1780 2300 (Schizaeae,
1796 2262 1925 2300 Adianti)
1942 2263 2020 2292 fron-

456 2318 535 2346 dibus
559 2317 752 2356 comparanda.

517 2375 562 2413 (⁴²)
593 2376 750 2415 Dispositio
774 2386 884 2414 semper
906 2386 956 2414 per
979 2375 1065 2414 spiras
1089 2374 1246 2409 continuas,
1269 2383 1411 2411 nunquam
1432 2382 1482 2411 per
1497 2371 1589 2411 cyclos
1607 2371 1788 2409 (verticillos)
1804 2372 2019 2406 determinatos;

456 2428 544 2455 forma
572 2426 632 2464 plus
659 2427 784 2454 minusve
813 2426 931 2454 foliaceo
961 2436 1092 2464 expansa,
1128 2424 1214 2452 thecis
1245 2422 1421 2451 antheriferis
1448 2433 1530 2461 saepe
1558 2422 1729 2457 numerosis,
1764 2422 1837 2451 unde
1865 2422 2017 2451 similitudo

456 2476 589 2516 quaedam
612 2487 674 2504 cum
698 2476 815 2505 bracteis
838 2475 1089 2516 sporangiophoris
1112 2474 1279 2514 Lycopodii,
1303 2472 1489 2512 sporophyllis
1514 2472 1643 2510 Equiseti
1667 2478 1720 2500 etc.
