2225 3020
994 212 1041 248 35

232 320 397 369 perstitit,
429 317 637 353 membrana
665 316 860 365 goniocytii
879 314 1039 349 emollita
1058 315 1138 349 satis
1166 313 1290 363 rapide
1319 320 1531 349 extenuatur
1549 311 1707 362 indeque
1736 325 1797 361 go-

231 382 338 425 nidia,
367 383 482 431 spatio
508 379 552 415 ad
570 378 743 415 volumen
763 378 838 414 fere
857 377 995 427 duplex
1015 377 1174 420 dilatato,
1205 385 1306 411 motu
1327 379 1443 412 minus
1471 376 1658 426 impedito,
1691 377 1798 425 magis

231 448 414 495 magisque
437 443 637 478 accelerato
653 450 688 478 et
703 443 804 492 quasi
824 441 1008 476 saltatorio
1028 442 1212 490 agitantur.
1233 440 1339 475 Brevi
1352 447 1437 488 post
1451 441 1696 490 goniocytium
1710 438 1781 474 dila

231 516 342 544 tatum
369 516 403 542 et
430 506 648 556 plerumque
677 505 790 541 altero
819 504 930 540 latere
953 502 1437 552 ventricoso-amplificatum
1462 502 1636 538 foramine
1662 501 1799 538 laterali

230 585 357 622 parum
377 572 576 620 conspicuo
597 571 776 619 aperitur(
790 570 821 612 ¹)
843 575 878 602 et
897 566 1039 617 gonidia
1054 566 1206 601 alterum
1227 573 1310 615 post
1329 565 1482 600 alterum
1501 568 1641 610 emittit,
1664 565 1800 600 ultimis

231 637 364 670 exitum
391 633 453 668 diu
480 646 587 682 saepe
614 632 882 681 quaerentibus.
931 629 1089 665 Gonidia
1115 630 1348 664 examinantia
1376 630 1492 663 statim
1521 629 1737 679 dissipantur
1764 637 1799 664 et

229 711 296 748 per
316 705 477 746 quartam
497 696 555 732 vel
575 695 757 731 dimidiam
777 695 888 729 horae
907 701 1046 743 partem
1066 695 1100 727 iu
1120 700 1212 727 statu
1231 692 1348 727 libero
1368 693 1639 737 moventur(2)‚
1664 692 1794 736 donec,

229 763 303 796 sine
322 761 396 796 ulla
414 761 550 795 formae
570 762 732 809 ipsorum
748 760 945 793 mutatione
965 764 1000 792 et
1018 756 1118 791 nulla
1133 758 1254 805 quiete
1274 757 1494 804 interposita,
1513 755 1665 790 mobiles
1681 755 1798 790 adhuc

230 837 300 874 ope
321 823 459 859 rostelli
487 822 628 858 ciliiferi
654 822 826 872 figuntur.
866 821 1014 856 Iamiam
1037 819 1106 854 fixa
1135 822 1283 869 insuper
1310 832 1376 869 per
1404 825 1566 867 quartam
1595 818 1669 853 fere
1689 818 1798 854 horae

228 896 367 938 partem
386 895 487 922 motu
506 885 744 936 trepidatorio
765 886 988 935 quatiuntur,
1021 891 1214 932 antequam
1241 885 1277 918 in
1304 881 1541 931 tranquillum
1567 884 1800 930 vegetationis

229 964 373 986 cursum
393 949 704 996 revertuntur(³).
759 947 926 984 Plantula
952 946 1047 982 culta
1076 946 1293 982 evolutionis
1315 945 1458 996 cyclum
1478 947 1593 995 spatio
1617 944 1758 980 dierum
1778 945 1797 980 7

228 1014 461 1059 absolvitffi),
493 1013 556 1049 sed
575 1014 771 1063 specimina
792 1011 891 1046 domi
910 1019 1012 1046 enata
1031 1010 1251 1060 plerumque
1272 1011 1509 1044 mutationem
1530 1009 1798 1056 (abnormemP)

228 1079 415 1113 subierunt
433 1079 469 1112 in
489 1090 546 1121 e0‚
571 1075 671 1126 quod
692 1075 939 1126 cyfioplasma,
964 1073 1146 1110 divisionis
1173 1086 1347 1123 processu
1374 1072 1523 1122 quidem
1541 1079 1708 1122 peracto,
1738 1071 1800 1107 sed

228 1141 379 1191 gouidiis
399 1140 561 1175 nondum
580 1140 761 1190 perfectis,
786 1153 804 1174 a
825 1139 1032 1174 membrana
1052 1137 1205 1172 cellulae
1230 1144 1423 1172 retractum
1445 1138 1480 1170 in
1500 1149 1633 1186 corpus
1652 1137 1800 1170 unicum

228 1204 438 1254 globosum,
482 1216 610 1253 sporae
648 1205 858 1238 immaturae
891 1200 1097 1250 Oedogonii
1131 1200 1189 1236 vel
1222 1200 1440 1250 Spirogyrae
1473 1199 1625 1235 similem
1659 1206 1799 1234 contra-

226 1268 393 1303 bebatur.

756 1320 1024 1360 Explicatio
1056 1320 1136 1348 tab.
1166 1320 1274 1348 HLA.

850 1375 1021 1399 Characium
1042 1374 1175 1398 Sieboldi.

370 1431 392 1453 1.
420 1424 572 1463 Specimen
592 1429 659 1452 natu
678 1423 826 1452 minimum
846 1433 861 1451 e
876 1422 1054 1462 zoogonidio
1074 1421 1158 1460 paulo
1178 1426 1259 1449 antea
1274 1420 1371 1449 sedato
1391 1426 1419 1448 et
1434 1420 1517 1448 fixato
1534 1426 1638 1448 ortum.

367 1482 391 1504 2.
420 1475 572 1514 Specimen
592 1474 715 1503 iuvenile
734 1474 867 1512 utrinque
886 1474 974 1513 magis
993 1479 1178 1501 attenuatum.

366 1532 391 1555 3.
411 1528 435 1555 «ἰ.
464 1525 629 1564 Speeimina
647 1525 757 1553 mediae
776 1525 885 1560 aetatis,
905 1524 1121 1563 cytioplasmate
1140 1523 1264 1551 indiviso
1285 1528 1313 1551 et
1332 1522 1452 1563 globulo
1472 1521 1616 1560 amylaceo
1636 1522 1732 1550 unico.

368 1583 468 1606 5—10.
498 1577 662 1615 Specimina
682 1581 772 1605 aetate
792 1576 988 1614 provectiora,
1014 1574 1229 1613 cytioplasmate
1253 1573 1472 1602 horizontaliter
1503 1573 1650 1611 bipartito,
1682 1572 1800 1613 globulo

229 1634 277 1656 aut
296 1628 442 1666 utriusque
461 1628 547 1666 partis
567 1628 652 1655 unico
673 1627 705 1661 (f.
722 1634 747 1656 5.
763 1627 816 1663 6.)‚
835 1631 882 1654 aut
900 1625 1014 1654 alterius
1034 1626 1130 1661 unico,
1149 1625 1263 1653 alterius
1283 1625 1356 1653 binis
1382 1624 1414 1661 (f.
1432 1626 1471 1660 7),
1490 1629 1537 1652 aut
1554 1624 1702 1662 utriusque
1726 1623 1800 1652 binis

229 1679 262 1715 (f.
280 1686 302 1707 s.
317 1683 347 1715 μ’)
367 1679 411 1707 vel
430 1678 573 1717 quaternis
595 1678 626 1714 (f.
646 1680 701 1713 10).
727 1677 790 1717 Fig.
810 1682 824 1705 ί)
844 1682 947 1705 statum
967 1676 1040 1704 sistit
1058 1682 1256 1715 aegrotantem
1284 1675 1328 1704 vel
1348 1675 1561 1711 moribundum,
1586 1675 1800 1714 cytioplasmate

229 1741 242 1758 a
263 1729 426 1758 membrana
445 1734 580 1758 retracto.

371 1788 410 1809 11.
439 1780 590 1819 Specimen
611 1778 826 1819 cytioplasmate
842 1778 1069 1806 transversaliter
1088 1777 1241 1816 tripartito,
1262 1776 1385 1816 globulis
1406 1776 1433 1804 in
1454 1782 1534 1815 parte
1553 1776 1643 1804 media
1663 1775 1747 1804 binis.

369 1838 409 1860 13.
439 1831 488 1870 Sp.
521 1830 734 1870 cytioplasmnte
766 1828 995 1858 transversaliter
1028 1829 1192 1867 tripartito,
1212 1834 1293 1866 parte
1321 1827 1413 1856 media
1435 1827 1686 1867 longitudinaliter
1702 1827 1798 1855 divisa.

370 1888 410 1911 13.
436 1883 474 1910 μἰ.
503 1881 666 1920 Specimina
685 1880 899 1920 cytioplasmate
914 1879 1140 1908 transversaliter
1160 1885 1188 1907 et
1206 1878 1454 1918 longitudinaliter
1474 1878 1578 1917 pluries
1598 1878 1698 1907 diviso.

358 1940 395 1962 15.
425 1933 576 1972 Specimen
596 1931 745 1971 pusillum,
770 1927 807 1977 ἐξ
818 1933 863 1944 “¹¹⁰¹
885 1931 1022 1971 longum,
1046 1930 1228 1970 zoogonidiis
1248 1929 1383 1969 perfectis
1403 1929 1557 1958 maioribus
1577 1936 1601 1965 s,
1625 1935 1706 1957 motu
1721 1929 1799 1957 lento

229 1990 256 2013 et
276 1985 414 2023 impedito
433 1984 555 2023 agitatis.

359 2038 397 2064 16.
426 2034 579 2074 Specimen
599 2033 696 2069 maim,
719 2028 799 2078 &mm
820 2033 960 2073 longum,
985 2032 1171 2072 zoogonidiis
1196 2031 1330 2071 perfectis
1356 2031 1510 2060 maioribus
1534 2033 1563 2060 16
1589 2030 1688 2060 eodem
1713 2030 1799 2059 modo

229 2097 259 2114 ac
279 2087 306 2114 in
326 2087 372 2126 sig.
393 2093 420 2115 15
441 2086 517 2114 lente
537 2085 659 2125 agitatis.

307 2233 354 2274 (¹)
383 2237 454 2266 Τὼ.
469 2238 522 2265 111.
543 2237 560 2264 f.
580 2243 619 2267 ιτ.
640 2241 681 2264 is.
701 2241 744 2264 ευ.

309 2295 357 2337 (²)
388 2300 432 2329 Cl.
461 2303 577 2328 Morren
597 2299 712 2340 gonidia
733 2299 833 2327 emissa
859 2301 1108 2333 „Tesserarthme
1120 2297 1331 2335 fasciculatae'’
1357 2307 1409 2336 per
1433 2297 1531 2325 horam
1559 2296 1673 2325 circiter
1691 2297 1800 2325 moveri

231 2351 395 2381 observavit
425 2350 464 2387 (l.
480 2362 503 2380 c.
528 2351 675 2379 troisi‘eme
694 2349 777 2378 mem.
798 2361 824 2389 p.
846 2352 904 2386 23).

310 2409 357 2453 (²)
385 2414 527 2454 Verjiing.
547 2426 573 2453 p.
589 2416 650 2445 2⁴57.

306 2474 354 2517 (ι’)
383 2477 546 2506 Secundum
565 2480 681 2506 Mor-ren
698 2477 791 2517 spatio
810 2476 921 2505 dierum
941 2479 1015 2506 5-6
1035 2475 1067 2514 (l.
1087 2487 1111 2504 c.
1130 2475 1210 2504 trois.
1230 2474 1314 2503 niem.
1333 2485 1361 2513 p.
1381 2472 1439 2515 27).

1451 2532 1519 2567 EQ
