2225 3020
1168 196 1213 230 94

552 303 600 343 (Ρ.
615 306 788 338 Napoleonis
805 300 913 330 Hassall
929 300 946 329 l.
962 312 986 329 c.
1002 307 1023 329 t.
1037 305 1081 332 9-2.
1097 300 1117 329 s.
1134 300 1186 328 10?
1212 301 1345 339 repetitio
1359 301 1466 341 figurae
1484 301 1735 342 Ehrenbergianae
1751 298 1878 341 citatae.)

550 353 713 394 (Oplarium
729 358 876 380 dentatum
893 350 1023 390 (cellucis
1039 350 1082 391 5),
1096 355 1197 387 dispar
1211 350 1289 389 (cell.
1308 351 1408 392 1-1-5),
1424 357 1638 388 hyacinthinum
1659 350 1739 392 (cell.
1756 356 1769 383 7
1786 352 1887 381 ordine
1902 362 1970 380 con-

416 414 491 437 torto
506 406 538 434 ad
554 405 672 433 alterum
688 404 758 432 latus
774 403 946 441 conversis),
960 406 1192 430 numismaticmn
1209 400 1285 438 (cell.
1303 404 1391 443 1-1-7)
1409 408 1437 430 et
1454 408 1613 439 speciosum
1629 400 1707 445 (cell.
1726 400 1894 445 1-1-5-1-10)
1915 403 1971 431 Lo-

412 468 476 487 sana
491 458 518 484 in
535 455 619 484 Mem.
635 455 661 483 sl.
677 455 747 484 real.
765 454 853 483 Acad.
869 454 896 482 di
911 454 1024 482 Torino
1040 453 1151 481 XXXII
1164 449 1265 492 (1829)
1282 464 1309 492 p.
1328 457 1367 483 16.
1383 459 1402 481 t.
1419 454 1441 481 I.
1464 452 1483 482 s.
1502 454 1543 482 14.
1567 461 1608 483 15.
1632 460 1673 483 13.
1694 457 1723 483 16
1739 459 1767 482 et
1782 460 1812 485 17
1828 464 1843 482 e
1859 453 1973 482 cellula-

414 519 474 537 rum
491 508 580 536 forma
595 506 627 534 ad
642 506 712 534 hanc
728 505 771 534 vel
787 506 867 534 aliam
883 505 978 533 forsan
992 504 1155 533 varietatem
1171 504 1202 532 P.
1218 504 1325 543 pertusi
1339 505 1485 543 pertinere
1500 503 1657 544 videntur.)

546 565 590 600 In
609 563 813 608 Germania,
842 563 1027 606 Bohemia,
1050 562 1226 605 Helvetia,
1249 561 1362 606 Italia,
1384 562 1565 597 Britannia
1593 570 1628 597 et
1646 563 1811 598 America
1829 570 1972 612 septen-

414 628 569 665 trionali.
621 627 788 663 Formam
813 629 971 678 typicam
995 628 1071 676 ipse
1096 626 1262 675 Friburgi
1286 625 1489 675 Brisgoviae
1516 633 1551 661 et
1574 625 1736 660 Berolini
1763 628 1814 672 (in
1831 626 1912 661 lacu
1930 625 1975 661 ad

418 692 475 730 W
472 698 638 727 eissensee
662 699 696 727 et
721 693 757 726 iu
788 691 868 726 lacu
894 690 1122 736 Plo'tzensee)
1155 690 1356 725 observavi.
1396 689 1611 724 varietatem
1630 683 1672 724 Β.
1701 701 1818 738 prope
1848 689 1973 725 Carls-

418 755 491 791 bac]
521 757 655 791 invenit
684 754 825 798 Corda3
863 752 1014 789 eandem
1045 753 1206 788 Berolini
1237 755 1272 787 in
1305 752 1385 787 lacu
1418 752 1628 788 Plotz-ensee
1660 766 1743 787 cum
1774 752 1890 787 forma
1919 760 1974 802 ty-

414 822 493 870 pica
513 826 548 854 et
563 818 606 852 P.
626 818 802 866 Boryano
820 819 1024 865 longicorni
1041 819 1172 866 reperi.
1212 816 1295 852 Var.
1317 831 1354 858 γ.
1375 815 1571 866 Postampii
1590 815 1675 865 legit
1688 816 1834 866 Meyen,
1857 828 1974 865 prope

417 882 668 931 Retchenberg
693 881 828 917 Corda.
883 880 1069 915 Varietatis
1089 877 1139 923 8.,
1170 893 1276 929 quam
1301 892 1417 929 prope
1445 879 1694 928 Reiclzenberg
1725 887 1760 914 et
1794 878 1978 914 Car-Isbad

419 946 466 982 cl.
490 945 612 982 Corda
638 944 787 988 indicat,
816 946 1010 994 specimina
1027 945 1230 993 parcissima
1250 945 1342 978 inter
1360 943 1442 978 alias
1461 943 1593 978 formas
1612 945 1647 978 in
1667 942 1748 977 lacu
1766 943 1976 978 Plo'tzensee

415 1011 524 1046 lectas
547 1010 677 1044 inveni.
733 1007 947 1043 Varietatem
966 1022 988 1041 ε.
1012 1007 1070 1052 (Ρ.
1091 1012 1272 1055 asperum)
1305 1009 1461 1056 primum
1493 1006 1658 1056 Friburgi
1690 1006 1893 1055 Brisgoviae
1925 1005 1976 1040 ad

415 1074 630 1123 Hugstelten
648 1072 845 1115 observavi,
870 1071 952 1106 dein
970 1070 1149 1107 Neodami
1167 1084 1237 1105 una
1255 1084 1338 1105 cum
1356 1083 1429 1106 var.
1452 1069 1471 1113 ξ
1491 1069 1550 1116 (Ρ.
1570 1069 1809 1118 brachylobo)
1831 1068 1974 1105 abunde

416 1137 543 1172 lectam
562 1137 655 1170 misit
673 1148 742 1170 am.
764 1134 1069 1184 Itzigsohn(¹).

551 1198 704 1242 Vastam‚
742 1212 850 1247 quam
883 1197 1047 1241 indicavi,
1082 1197 1282 1232 formarum
1313 1198 1441 1232 scriem
1471 1197 1562 1231 intra
1593 1198 1698 1231 unius
1730 1198 1862 1245 speciei
1887 1195 1977 1231 fines

417 1262 652 1299 coercendam
672 1275 748 1297 esse
769 1261 925 1311 denique
945 1274 1154 1311 persuasum
1173 1260 1260 1295 mihi
1286 1268 1351 1295 est.
1407 1259 1449 1294 P.
1469 1265 1730 1311 mter-oporam,
1754 1258 1978 1294 clathralum

417 1335 451 1362 et
470 1334 696 1362 recurvatum
717 1324 864 1374 quidem
884 1338 966 1359 cum
984 1324 1026 1359 P.
1048 1332 1196 1374 pertuso
1215 1326 1433 1373 coniungere
1452 1336 1525 1357 non
1543 1323 1724 1366 haesitavi,
1748 1322 1790 1357 P.
1811 1336 1977 1370 asperum

417 1403 503 1427 vero
524 1389 740 1439 distinguere
759 1388 974 1431 maluissem,
1003 1390 1069 1422 nisi
1087 1387 1212 1422 formis
1231 1386 1450 1422 intermediis
1471 1386 1741 1421 evidentissimis
1761 1385 1803 1421 ad
1824 1386 1871 1421 P.
1893 1387 1976 1422 bra-

417 1453 608 1502 chylobum
629 1451 827 1496 accederet,
852 1451 953 1501 quod
972 1454 1089 1501 ipsum
1109 1465 1191 1486 cum
1209 1450 1247 1486 P.
1263 1458 1409 1500 pertuso
1430 1451 1584 1498 genuino
1605 1457 1640 1484 et
1658 1451 1866 1498 microporo
1885 1449 1977 1485 limi-

418 1519 514 1553 tibus
535 1519 682 1551 omnino
706 1517 849 1550 incertis
870 1513 1117 1549 confunditur.
1167 1513 1393 1549 Cellularum
1413 1513 1545 1556 forma,
1575 1526 1690 1561 aeque
1710 1525 1749 1547 ac
1768 1512 1978 1548 lacunarum

493 1640 542 1685 (¹)
571 1643 707 1672 Occurrit
723 1643 796 1671 intra
812 1652 928 1670 massam
945 1647 1117 1670 crustacenm
1133 1641 1261 1675 viridem,
1284 1640 1364 1679 Algis
1380 1640 1463 1668 variis
1479 1640 1641 1675 conflatam,
1656 1650 1726 1678 quae
1742 1645 1860 1669 truncos
1875 1640 1977 1679 pineos

418 1702 545 1724 natantes
561 1695 686 1723 obducit.
722 1694 837 1721 Initium
854 1699 881 1721 et
897 1692 1109 1721 fundamentum
1133 1692 1213 1719 huius
1232 1690 1341 1719 induvii
1358 1694 1588 1726 Sclz1'z0s12ohon1's
1608 1691 1702 1730 specie
1717 1691 1834 1729 quadam
1850 1691 1978 1729 ponitur,

418 1748 492 1776 inter
507 1747 585 1775 cuius
602 1746 645 1774 fila
661 1751 688 1773 et
703 1744 841 1783 plurimae
857 1744 925 1772 aliae
941 1743 1033 1783 Algae
1049 1743 1172 1771 minores
1194 1748 1221 1770 et
1236 1742 1401 1781 praesertim
1421 1741 1560 1770 Pediastri
1577 1741 1684 1770 formae
1699 1752 1781 1780 quam
1797 1742 1916 1770 maxime
1930 1753 1977 1771 va-

418 1799 477 1826 riae
492 1797 666 1826 nidulantur.
690 1799 722 1823 P.
735 1804 884 1831 perlusum
901 1804 929 1823 α.
946 1800 974 1823 et
987 1784 1025 1826 β.
1041 1794 1140 1829 rarius,
1156 1802 1177 1822 ε.
1191 1805 1325 1828 asperum
1340 1798 1369 1821 et
1384 1786 1411 1830 ζ
1426 1796 1628 1829 braclzylobum
1642 1792 1817 1831 frequentius
1833 1792 1977 1831 (praeser—

417 1849 467 1878 tim
481 1848 635 1877 autumnali
650 1846 793 1885 tempore)
811 1851 981 1880 occurrunt;
1009 1848 1043 1873 Ρ.
1058 1848 1165 1873 Rotula
1188 1844 1269 1872 variis
1285 1843 1394 1879 sormiS,
1416 1853 1467 1871 nec
1488 1854 1545 1871 non
1561 1846 1594 1872 P.
1609 1847 1796 1878 Elzrenbergii
1808 1843 1935 1872 normale
1949 1850 1978 1873 et

418 1905 578 1929 truncatum
594 1898 745 1926 abundant.
761 1900 793 1925 Ρ.
810 1899 981 1932 Bor-ymnum
994 1896 1164 1924 brevicorne
1180 1901 1207 1923 et
1220 1899 1405 1930 granulatum
1421 1905 1504 1933 parce
1519 1894 1747 1933 reprehenditur.
1768 1894 1880 1922 Adsunt
1894 1905 1976 1933 prae-

418 1957 509 1979 terea:
534 1952 703 1978 Sorastrum
723 1952 909 1983 spinulosum,
927 1951 1069 1975 Coelastri
1080 1957 1131 1985 sp„
1157 1949 1351 1980 Seaurogem‘a
1369 1949 1546 1980 managam,
1559 1948 1803 1980 Splmerodesmus
1818 1950 1977 1978 alternans,

418 2005 623 2030 Scenodesmus
640 2004 764 2030 obtusus,
780 2003 919 2026 caudatus
935 2003 963 2026 et
978 2002 1114 2033 obliquus,
1129 2000 1311 2033 Polyedrium
1326 2001 1461 2024 malicum
1483 1997 1525 2032 (n.
1541 2007 1583 2034 sp.
1597 1995 1695 2024 cellula
1711 1995 1877 2035 triangulari
1893 1996 1976 2025 diam.

419 2049 511 2087 Amm',
526 2051 636 2091 angulis
653 2050 775 2083 muticis,
803 2049 936 2078 lateribus
962 2049 1063 2077 leviter
1082 2048 1332 2084 sinuato-excisis)⁷
1362 2050 1545 2084 Polyedrz'um
1572 2047 1770 2086 (Phycastrum
1786 2047 1859 2086 Nzig.
1876 2047 1905 2075 in
1920 2047 1976 2085 lit.)

421 2078 449 2099 75
1270 2093 1481 2122 &sk-mmm

419 2108 567 2132 minimum
588 2102 708 2141 (species
724 2100 806 2129 dubia
823 2100 922 2128 cellula
938 2099 1156 2139 quadrangulari
1171 2099 1251 2127 diam.
1486 2120 1493 2133 ‚
1519 2097 1629 2137 angulis
1644 2097 1762 2133 obtusis,
1789 2097 1922 2127 lateribus
1937 2098 1977 2127 al-

1289 2124 1295 2143 l
1398 2125 1404 2143 l

420 2155 507 2184 ternis
527 2153 694 2192 prosundills
714 2151 927 2191 emarginatis),
954 2154 1147 2187 Rlzapln'dium
1167 2152 1383 2187 fasciculatum,
1411 2152 1670 2185 Dimorphococcus
1692 2153 1817 2180 lanatus,
1846 2151 1975 2186 Oocyslz's

421 2209 534 2240 Na'gelii
546 2207 651 2244 (genus
668 2203 855 2243 Nfigelianum
875 2201 1023 2238 ineditum⁷
1037 2201 1145 2240 species
1162 2212 1234 2229 nova
1249 2201 1364 2229 minime
1379 2211 1450 2235 rara,
1469 2199 1577 2228 cellulis
1594 2199 1726 2239 oblongis
1746 2199 1881 2228 viridibus
1901 2211 1976 2228 nunc

421 2256 561 2291 solitariis,
576 2266 651 2283 nunc
666 2255 748 2289 binis,
762 2253 905 2292 quaternis
920 2259 967 2281 aut
981 2253 1093 2281 octonis
1109 2252 1208 2281 cellula
1227 2251 1362 2280 matricali
1378 2251 1590 2279 membranacea
1608 2250 1686 2278 firma
1703 2250 1822 2289 simplici
1836 2250 1976 2289 inclusis),

422 2310 595 2343 Glneocyslis
611 2311 719 2341 ampla,
731 2307 999 2341 Dictyosphaerium
1015 2307 1207 2338 Elzrcnbergii,
1221 2306 1417 2331 Micrasterias
1436 2306 1514 2330 Crux
1528 2305 1692 2333 melitensis,
1707 2305 1886 2329 Cosmarium
1899 2314 1977 2330 mar-

422 2362 607 2392 garitaceum,
628 2361 806 2387 undulatam,
829 2358 1008 2390 Mmeghim’i,
1022 2357 1215 2382 Xanthidium
1235 2362 1393 2385 octocorne,
1414 2356 1615 2381 Staurastrum
1637 2356 1781 2384 malicum,
1799 2357 1975 2387 margarita-

423 2421 509 2439 reum,
524 2417 703 2440 tentarentur,
728 2410 895 2435 Closterium
915 2408 1036 2437 Lunula,
1057 2408 1290 2434 Pleurotaem'um
1304 2407 1469 2436 Trabecula,
1483 2406 1700 2440 Hormocytium
1714 2405 1908 2441 catemjorme,
1922 2406 1975 2432 Mi-

423 2463 618 2486 rrothmnnion
632 2462 854 2493 Katzingianum
870 2463 924 2486 etc.
