2225 3020
990 205 1038 241 25

777 312 943 340 Historia
966 318 999 341 et
1022 312 1242 342 affinitates.

367 367 573 401 Ilydrocytium
595 367 792 391 acuminatum
813 363 933 402 primum
953 369 1057 392 aestate
1084 365 1148 394 1847
1169 364 1196 392 in
1219 364 1281 392 ollis
1309 364 1467 402 plantarum
1496 364 1686 403 aquaticarum
1716 364 1792 393 horti

226 415 438 455 Friburgensis,
458 414 491 443 ad
511 414 683 453 Oedogonia
703 414 808 442 maiora
836 414 1024 452 parasiticum,
1044 425 1127 453 parce
1152 414 1219 443 mihi
1245 414 1379 448 obvenit,
1407 421 1512 444 aestate
1532 415 1598 444 anni
1617 415 1792 454 insequentis

226 466 373 505 copiosum
394 465 427 493 ad
446 464 554 493 sontem
570 465 694 493 eiusdem
715 464 791 493 urbis
812 464 950 503 lapidibus
969 465 1169 493 adhaerentem
1188 465 1280 493 detexi
1308 470 1336 493 et
1354 465 1431 493 illico
1455 465 1484 493 in
1503 466 1617 494 aedibus
1639 466 1725 502 colui,
1744 466 1792 495 ubi

225 516 469 556 zoogonidiorum
489 515 587 544 turbas
606 515 814 555 copiosissimas
835 526 849 544 e
870 515 1002 554 plantulis
1021 516 1137 543 maturis
1163 515 1356 544 examinantes
1376 521 1404 543 et
1422 526 1521 554 aquam
1536 517 1664 545 viredine
1679 518 1793 557 tingen-

225 573 266 595 tes
283 567 402 595 testibus
417 566 537 606 collegis
552 566 726 595 amicissimis
742 571 776 594 de
790 569 904 594 Siebold
918 572 946 594 et
960 570 1050 594 Eclrer
1068 565 1134 601 vidi,
1150 566 1348 605 integramque
1364 576 1462 594 eorum
1479 567 1681 603 evolutionem,
1697 568 1791 607 paucis

225 617 323 646 diebus
339 617 507 653 absolutam,
527 618 652 656 repetito
675 623 840 656 persecutus
860 629 930 645 sum.
952 618 1035 645 Tunc
1051 617 1199 655 temporis,
1219 616 1328 645 habitus
1347 616 1532 645 similitudine
1552 618 1693 653 inductus,
1712 619 1791 658 plan-

223 668 311 696 tulam
329 679 431 697 novam
447 668 578 697 Characii
594 679 700 708 genere
716 668 853 706 adscripsi
874 674 902 696 et
918 671 1052 695 Characz'z'
1068 671 1230 695 acuminati
1247 667 1364 695 nomine
1383 678 1446 695 cum
1459 670 1612 703 Kiitzingin
1633 670 1791 698 communi-

224 719 296 753 cavi,
312 720 359 757 qui
380 719 406 748 in
427 719 562 748 addendis
581 719 614 747 ad
633 719 742 757 species
763 719 899 759 Algarum
920 719 1020 755 (1849)
1042 717 1148 757 publici
1168 718 1235 746 iuris
1255 729 1315 746 earn
1336 718 1419 752 fecit,
1439 724 1536 757 postea
1556 719 1584 747 in
1599 721 1737 758 opusculo
1757 721 1791 749 de

222 770 349 798 anabiosi
370 772 471 806 (1531)
487 776 606 809 propter
625 770 762 798 diversam
783 770 968 809 gonidiorum
988 769 1106 808 genesin
1126 780 1140 798 a
1161 769 1305 798 Characiis
1325 775 1481 808 separatam
1501 769 1552 797 sub
1573 771 1688 799 nomine
1703 782 1791 811 gene-

223 821 283 849 rico
298 824 411 849 Ascidii
432 821 584 860 proposui,
612 821 688 859 quod
709 832 783 849 nunc
804 826 923 859 propter
942 819 1148 859 homonymum
1176 820 1333 849 Lichenum
1356 831 1446 860 genus
1470 831 1533 848 cum
1553 823 1724 857 Hydrocytii
1742 833 1792 850 no-

223 872 299 900 mine
317 872 433 900 mutavi.
473 872 604 911 Speciem
626 871 741 900 alteram
758 872 851 900 minus
866 871 956 899 adhuc
977 871 1122 911 cognitam
1143 877 1170 900 et
1183 871 1275 910 quoad
1290 881 1380 911 genus
1396 871 1508 899 dubiam
1529 873 1634 908 (Hydr,
1645 875 1791 908 obtusum)

222 923 352 951 Berolini
376 928 442 951 1³52
463 922 619 951 observavi.

349 973 521 1013 Hydrocytii
541 984 631 1013 genus
657 973 750 1012 quoad
777 972 989 1013 vegetationem
1010 983 1073 1001 cum
1095 975 1234 1000 Char-acio
1255 983 1371 1012 prorsus
1391 973 1536 1008 convenit,
1555 973 1604 1002 sed
1623 973 1720 1002 differt
1738 984 1791 1013 go—

221 1024 364 1053 nidiorum
384 1025 482 1064 genesi
502 1024 679 1060 simultanea,
699 1035 753 1063 qua
769 1029 836 1052 nota
855 1023 889 1052 ab
909 1023 1041 1052 omnibus
1059 1023 1253 1052 Palmellaceis
1272 1023 1395 1063 N'agelii,
1415 1029 1443 1052 et
1463 1026 1630 1052 Characieis
1649 1024 1678 1052 in
1697 1025 1792 1063 specie

219 1075 329 1104 recedit
347 1081 374 1104 et
395 1086 457 1104 cum
470 1078 704 1103 Prolococcaceis
726 1075 851 1104 eiusdem
867 1075 974 1103 autoris
995 1071 1202 1111 convenit(').
1224 1074 1417 1103 Gonidiorum
1434 1080 1513 1103 ortus
1528 1075 1647 1103 omnino
1663 1075 1724 1103 talis
1740 1081 1791 1111 est,

220 1126 331 1164 qualem
353 1127 380 1154 in
400 1129 597 1163 Hydrodictyo
618 1126 767 1154 observavi
792 1132 820 1154 et
845 1126 899 1154 alio
920 1125 984 1154 loco
1008 1125 1094 1153 fusius
1120 1120 1320 1164 descripsiffl).
1357 1125 1436 1153 Inter
1455 1125 1542 1166 Algas
1561 1125 1790 1155 multicellulares

223 1180 423 1212 Cladoplmrae
442 1188 532 1217 genus
552 1177 645 1215 quoad
666 1177 784 1217 genesin
801 1176 1044 1216 zoogonidiorum
1065 1176 1246 1215 Hydrocytio
1263 1182 1291 1204 et
1309 1176 1510 1216 Hydrodictyo
1526 1176 1687 1217 analogum.
1731 1178 1790 1217 Hy-

220 1228 363 1266 drodictyi
389 1239 478 1268 genus
505 1234 647 1256 caeterum
672 1228 705 1256 ab
731 1227 912 1267 Hydrocytio
940 1238 997 1255 non
1022 1227 1113 1255 solum
1136 1227 1244 1256 cellulis
1268 1228 1297 1255 in
1324 1227 1497 1256 coenobium
1523 1228 1664 1256 concretis
1684 1227 1791 1265 differt,

218 1279 268 1307 sed
287 1279 403 1318 insuper
422 1279 530 1307 cellulis
550 1279 642 1318 quoad
671 1279 862 1307 extremitates
888 1278 1034 1316 oppositas
1064 1278 1226 1317 homologis
1246 1278 1263 1306 i.
1284 1289 1307 1306 e.
1333 1278 1495 1306 diversitate
1519 1278 1620 1307 baseos
1646 1284 1674 1307 et
1703 1279 1790 1318 apicis

219 1329 390 1365 carentibus,
410 1340 489 1368 quae,
509 1330 531 1358 si
551 1341 602 1368 per
621 1330 819 1367 exceptionem
845 1328 972 1357 solitarie
992 1323 1155 1368 vigent(³),
1175 1339 1267 1366 neque
1286 1329 1446 1367 stipitatae,
1467 1340 1558 1367 neque
1578 1330 1695 1358 adnatae
1714 1336 1789 1359 sunt.

218 1383 411 1408 Protncoccus
440 1392 454 1408 e
474 1381 641 1409 definitione
667 1375 840 1420 Niigeliiff)
860 1382 928 1415 (nec
948 1379 1083 1414 aliorum)
1110 1379 1144 1407 ab
1165 1380 1348 1419 Hydrocytio
1373 1379 1470 1408 differt
1489 1380 1589 1408 cellula
1609 1380 1696 1409 libera
1724 1381 1789 1420 glo-

217 1426 352 1468 bosa(⁵).
382 1431 559 1459 Mentionem
581 1431 704 1469 denique
724 1431 820 1459 faciam
841 1434 1044 1465 Rhodoi‘ssae,
1063 1430 1177 1470 generis
1204 1442 1217 1459 a
1237 1430 1272 1458 cl.
1292 1433 1381 1467 Perly
1404 1426 1621 1469 propositi(‘')‚
1652 1431 1728 1470 quod
1755 1431 1788 1460 li—

217 1482 320 1511 benter
339 1493 402 1510 cum
423 1482 605 1522 Hydrocytio
625 1492 837 1521 compararem,
858 1481 915 1509 imo
939 1481 1162 1521 coniungerem,
1182 1482 1234 1510 nisi
1255 1481 1409 1520 descriptio
1429 1487 1458 1510 et
1476 1483 1541 1510 icon
1561 1483 1686 1511 auctoris
1705 1482 1789 1511 dubia

216 1533 422 1572 relinquerent.
455 1533 672 1561 Individuorum
694 1532 905 1562 cohaerentiam
925 1531 1093 1568 rosularem,
1114 1543 1185 1570 quae
1204 1533 1233 1560 in
1254 1532 1337 1561 icone
1357 1533 1568 1561 ramificationis
1589 1533 1706 1562 cellulae
1727 1534 1789 1562 uni-

217 1595 265 1613 cae
287 1585 375 1612 instar
394 1590 659 1622 repraesentantur,
690 1584 783 1622 potius
803 1583 1060 1623 congregationem
1088 1583 1233 1611 fortuitam
1254 1594 1314 1612 esse
1334 1584 1519 1619 crediderim,
1539 1595 1600 1612 cum
1621 1585 1741 1613 similem
1761 1585 1789 1613 in

217 1635 398 1674 Hydrocytio
412 1635 573 1663 acuminato
593 1634 812 1663 observaverim.
834 1633 1028 1673 Cytioplasma
1047 1634 1075 1662 in
1095 1634 1297 1671 speciminibus
1317 1635 1534 1673 repraesentatis
1554 1635 1710 1674 collapsum
1730 1646 1789 1664 esse

216 1686 344 1719 videtum
364 1685 391 1713 in
411 1690 485 1713 statu
505 1686 570 1714 vivo
590 1685 664 1713 forte
684 1684 817 1724 parietale
837 1690 864 1712 et
883 1684 1043 1712 maculatim
1064 1684 1267 1723 interruptum,
1287 1691 1317 1713 ut
1335 1685 1362 1713 in
1385 1686 1566 1725 llyclrocytio
1584 1686 1695 1714 obtuso.
1717 1686 1788 1715 Cre-

217 1736 324 1765 nulatio
344 1736 557 1775 cytiodermatis
582 1737 608 1764 in
625 1736 790 1765 Rhodo'essa
807 1735 955 1763 observata
970 1741 1113 1764 caeterum
1122 1736 1316 1775 Hydrocytio,
1336 1747 1424 1774 aeque
1439 1747 1470 1764 ac
1480 1736 1629 1773 Characio,
1643 1737 1734 1766 aliena
1747 1744 1789 1766 est

290 1846 338 1889 (¹)
367 1850 453 1879 Conf.
472 1851 671 1879 adnotationes
690 1850 742 1878 sub
763 1854 878 1879 Cadiolo
899 1861 925 1889 p.
947 1856 989 1879 20.

289 1907 337 1951 (²)
365 1913 506 1952 Verjfing.
525 1924 552 1952 p.
570 1917 631 1945 279.

289 1969 338 2012 (³)
367 1975 507 2015 Verjiing.
532 1986 558 2014 p.
579 1975 640 2003 2512.

291 2032 339 2074 (⁴)
366 2037 422 2066 Die
441 2048 549 2065 neuern
570 2036 790 2077 Algensysteme
809 2037 908 2074 (tSle)
927 2048 954 2076 p.
974 2037 1035 2066 154.

292 2093 338 2136 (⁵)
366 2102 559 2127 Protococcus
579 2099 760 2139 (Naegelii),
786 2110 877 2139 genus
903 2109 935 2127 ex
960 2098 1091 2139 analogia
1111 2098 1231 2128 maxime
1257 2105 1420 2138 exoptatum
1441 2106 1469 2128 et
1493 2099 1653 2139 multopere
1678 2101 1787 2139 quaesi-

215 2155 285 2185 tum,
305 2149 449 2188 hucusque
470 2160 513 2178 me
535 2149 617 2188 fugit,
637 2161 689 2178 nec
708 2150 742 2178 ab
762 2156 862 2178 autore
882 2149 944 2188 ipso
964 2150 1128 2188 specialiter
1148 2149 1318 2178 illustratum
1337 2156 1387 2179 est.
1418 2151 1526 2178 Forsan
1546 2151 1598 2178 dua
1618 2161 1723 2190 genera
1742 2152 1787 2180 liic

216 2200 314 2234 latent,
334 2201 453 2229 alterum
474 2201 601 2240 gonidiis
616 2201 808 2240 parietalihus,
828 2206 858 2229 ut
878 2200 905 2228 in
927 2200 1110 2240 Hydrocytio
1130 2206 1157 2229 et
1173 2201 1384 2240 Hydrodictyo,
1403 2201 1522 2230 alterum
1538 2202 1662 2241 gonidiis
1685 2205 1715 2239 (e
1730 2203 1786 2232 cel-

214 2251 270 2279 lula
291 2251 525 2289 holoplasmatica
541 2252 626 2287 ortis)
647 2258 738 2280 totum
755 2251 873 2280 cellulae
889 2251 983 2280 lumen
1004 2251 1221 2290 occupantibus,
1241 2257 1272 2280 ut
1287 2252 1314 2280 in
1332 2252 1466 2281 Codiolo.
1488 2255 1670 2281 Chlororncci
1686 2264 1786 2293 genus,

214 2302 291 2341 quod
311 2301 344 2330 cl.
359 2302 463 2341 N'ageli
483 2303 558 2331 inter
572 2303 814 2331 Protococcaceas
835 2303 913 2337 citat,
930 2302 1022 2341 quoad
1042 2303 1165 2341 speciem
1186 2302 1375 2339 notissimam,
1396 2304 1744 2345 Clzl.Agardl1iMenegb.
1764 2317 1785 2334 s.

214 2355 420 2381 Protococcum
439 2357 558 2381 viridem
574 2354 640 2394 Ag„
659 2354 692 2382 ad
711 2354 955 2382 Protococcaceas
976 2359 1056 2382 certo
1076 2364 1134 2382 non
1155 2353 1288 2392 pertinet.

297 2409 345 2452 (⁶)
374 2417 542 2443 Rhodoiz'ssa
567 2420 735 2451 grimselina
761 2416 866 2455 Perty,
898 2427 949 2443 zur
979 2415 1133 2444 Kenntniss
1162 2415 1212 2444 der
1244 2415 1384 2444 kleinsten
1416 2415 1645 2446 Lebensformen
1671 2418 1785 2456 (1852)

214 2477 242 2505 p.
262 2468 322 2495 216.
342 2471 362 2494 t.
380 2469 421 2495 17.
443 2465 461 2494 f.
479 2470 516 2496 ιτ.

1469 2524 1503 2559 D
