2225 3020
974 210 1022 247 85

347 325 380 351 Ρ.
393 329 562 350 excavatum
590 319 700 348 Hassall
715 319 733 348 l.
747 330 771 349 c.
788 325 807 347 t.
822 323 867 350 92.
882 318 901 347 s.
916 321 933 347 6
952 319 1086 359 (figuram
1100 329 1184 358 supra
1199 319 1311 348 citatam
1332 319 1363 348 P.
1382 319 1558 359 Napolconis
1578 319 1703 348 Ehrenb.
1719 330 1779 348 mu-

221 379 313 403 tuatus
328 374 396 409 est).

359 427 517 452 Euastrum
532 426 703 456 angulosum
721 420 817 451 Corda
831 420 907 449 Alm.
922 420 956 449 de
971 419 1082 449 Carlsb.
1100 426 1177 452 1839.

357 481 399 516 In
419 480 611 516 Germania
631 486 666 514 et
691 479 885 514 Britannia.
914 477 1075 514 Berolini
1099 477 1235 513 detexit
1254 477 1301 512 cl.
1322 477 1546 529 Ehrenberg,
1570 491 1686 529 prope
1705 478 1781 513 Fri-

220 546 372 594 burgum
393 543 597 593 Brisgoviae
616 541 660 577 ad
680 542 896 591 Hugstetten
916 544 991 592 ipse
1010 541 1101 576 hanc
1120 543 1277 590 speciem
1296 539 1366 590 legi
1389 542 1495 577 1849.

344 606 491 657 Species
510 619 593 641 cum
611 605 654 640 P.
678 605 851 653 Borjyano
869 604 973 641 valde
987 611 1148 654 cognata,
1172 617 1191 639 a
1210 616 1284 653 quo
1300 603 1424 639 differt
1438 604 1578 640 cellulis
1591 605 1681 640 radii
1696 618 1780 654 pro-

218 670 364 706 fundius
382 671 678 712 sinuato-excisis,
702 671 858 718 margine
884 668 988 704 altius
1011 668 1230 711 coniunctis,
1261 669 1494 702 commissura
1512 669 1649 704 scilicet
1666 670 1782 703 sinum

218 734 377 770 medium
395 733 520 785 paullo
540 740 743 782 superante,
766 732 937 767 loborum
956 730 1092 781 angulis
1111 733 1366 766 commissurae
1385 733 1560 780 contiguis
1579 732 1782 781 paullulum

217 797 422 848 productis,
451 796 719 845 subapiculatis.
768 795 933 843 Angulus
955 794 1127 830 loborum
1156 796 1329 838 internus,
1363 796 1391 829 si
1419 794 1654 844 cytioplasma
1681 795 1782 830 colo-

218 869 334 897 ratum
368 868 506 896 tantum
542 861 749 909 respicitur,
791 866 931 902 acutus,
967 857 1030 894 sed
1060 860 1208 907 insuper
1241 870 1356 893 cornu
1400 858 1502 893 brevi
1543 858 1782 904 (latitudinem

218 926 403 975 propriam
430 930 605 973 aequante
629 922 687 958 vel
707 922 821 972 duplo
841 921 915 957 sere
939 924 1166 971 superante),
1197 921 1417 971 cyfindrico,
1449 922 1582 956 obtuso
1602 921 1659 956 vel
1681 929 1780 956 trun-

219 987 338 1024 catulo
355 1015 364 1031 ,
411 989 484 1022 imo
520 999 782 1035 nonnunquam
818 986 1107 1034 subemarginato
1143 987 1367 1020 terminatus.
1433 984 1598 1021 Cellulae
1638 983 1781 1019 adultae

1224 1049 1231 1068 1
1245 1055 1291 1067 mm.

219 1064 327 1101 quam
357 1052 394 1086 in
429 1051 469 1085 P.
493 1064 592 1099 vago
616 1051 792 1093 minores,
829 1048 1018 1084 latitudine
1045 1050 1187 1084 circiter
1211 1070 1240 1099 5‘0
1300 1076 1309 1091 ,
1347 1047 1608 1098 longitudinem
1638 1050 1695 1084 vix
1726 1061 1782 1083 su-

216 1122 378 1165 perante.
434 1113 599 1150 Cellulae
633 1112 720 1148 disci
751 1112 950 1148 evidentius
984 1112 1183 1162 angulatae.
1242 1113 1454 1148 Membrana
1484 1112 1697 1147 cellularum
1730 1119 1782 1146 te-

216 1181 335 1222 nuior,
357 1177 500 1228 hyalina
516 1177 573 1213 vel
593 1178 733 1226 saepius
748 1175 861 1211 dilute
879 1188 994 1220 rosea,
1022 1178 1169 1211 omnino
1196 1175 1323 1220 laevis,
1352 1188 1472 1225 neque
1496 1175 1689 1225 granulata‚
1721 1187 1782 1210 ne-

218 1255 289 1292 que
307 1248 489 1291 punctata.
544 1240 811 1276 contentorum
837 1239 941 1274 color
958 1241 1076 1275 minus
1093 1239 1184 1275 laete
1202 1239 1324 1275 viridis
1345 1253 1452 1288 quam
1471 1241 1507 1274 in
1527 1239 1570 1273 P.
1592 1239 1779 1287 Boryano.

217 1305 472 1342 Characterem
502 1303 717 1352 singularem
748 1302 854 1338 huius
885 1304 1016 1352 speciei
1047 1304 1175 1338 sistunt
1205 1302 1366 1338 maculae
1402 1315 1533 1352 parvae
1570 1302 1779 1351 diaphanae,

216 1377 414 1404 transverse
438 1366 630 1416 oblongae,
658 1378 749 1415 quae
770 1378 882 1415 poros
903 1365 1003 1401 disco
1022 1368 1203 1414 inspersos
1222 1365 1402 1409 simulant,
1428 1365 1492 1401 sed
1511 1368 1653 1400 nonnisi
1671 1365 1782 1401 cellu-

216 1432 332 1468 larum
355 1431 532 1466 contentis
551 1431 708 1479 margine
732 1430 911 1464 anteriore
930 1427 975 1464 ad
993 1428 1149 1464 mediam
1167 1431 1437 1464 commissuram
1457 1428 1681 1478 peripheriae
1701 1442 1782 1464 coe-

216 1496 318 1532 nobii
336 1493 544 1544 parallelam
564 1494 786 1542 emarginatis
811 1491 1030 1535 efficiuntur,
1053 1492 1269 1528 cellularum
1287 1493 1505 1528 membranis
1522 1492 1658 1529 ibidem
1677 1494 1784 1542 magis

216 1557 420 1609 pellucidis,
448 1555 512 1601 sed
531 1568 655 1591 revera
674 1555 814 1590 clausis.

356 1621 530 1651 cellularum
546 1630 680 1649 numeros
695 1626 723 1649 et
738 1619 939 1659 dispositiones
954 1619 1104 1649 observavi
1120 1626 1289 1659 sequentes:

243 1670 266 1704 8
292 1685 335 1701 =
365 1679 433 1706 1-1-
449 1677 461 1702 7
478 1672 585 1706 rarius;

363 1729 378 1752 2
391 1729 433 1758 -Ι-
447 1725 463 1751 6
483 1722 606 1761 saepius:
620 1721 748 1750 Ehrenb.
764 1721 812 1761 fig,
827 1722 880 1756 ΙΙΙ,
896 1721 913 1750 b
928 1727 957 1750 et
973 1733 1000 1756 c;
1015 1721 1125 1750 Hassall
1139 1727 1160 1750 t.
1176 1728 1218 1754 92.
1235 1721 1257 1751 f.
1275 1724 1306 1755 ὃς

220 1771 265 1806 16
292 1787 335 1802 =
354 1783 374 1811 ,1
391 1779 432 1808 -Ι-
447 1779 462 1803 5
488 1779 530 1807 ·-1-
547 1778 579 1802 10
597 1772 723 1812 saepius:
738 1772 864 1801 Ehrenb.
879 1772 898 1802 f.
914 1773 965 1808 VI,
978 1783 1007 1807 a;
1022 1772 1099 1801 Ralfs
1114 1773 1192 1801 Ann.
1207 1772 1225 1801 f.
1242 1779 1275 1807 7;
1299 1773 1371 1801 Brit.
1385 1773 1482 1802 Desm.
1498 1772 1517 1801 f.
1534 1780 1581 1807 11;

1023 1823 1135 1853 Hassall
1149 1829 1170 1852 t.
1186 1828 1228 1854 s6.
1242 1823 1261 1852 f.
1279 1824 1310 1852 14
1323 1837 1330 1858 ;

360 1877 376 1906 4
390 1882 431 1910 -Ι-
446 1880 461 1903 2
488 1881 530 1910 -ξ-
544 1881 584 1911 10,
598 1873 732 1903 coenobii
747 1874 838 1903 forma
851 1873 994 1915 oblonga;

219 1923 266 1959 32
291 1939 335 1955 =
363 1935 374 1956 1
391 1933 433 1961 —}-
447 1929 462 1955 6
482 1930 573 1959 -1-10
588 1930 628 1958 -1-
644 1931 676 1954 15
691 1925 817 1964 saepius;

361 1982 695 2011 1÷5÷1÷10÷153

362 2037 373 2058 1
390 2034 432 2063 -ι-
446 2033 461 2057 5
479 2033 518 2061 -ι-
541 2034 568 2056 11
587 2032 629 2062 -ι-
643 2033 691 2062 15;

444 2081 460 2108 6
478 2084 514 2113 -Ι-
540 2085 568 2107 11
586 2084 628 2112 -l-
643 2083 685 2114 15,
699 2078 790 2106 forma
804 2077 939 2118 oblonga,
957 2077 1178 2112 subreniformi;

363 2137 374 2159 1
390 2136 432 2164 -ι-
446 2136 460 2159 5
480 2135 521 2163 ÷
541 2134 573 2158 10
586 2134 629 2164 -ι-
645 2131 693 2164 163

444 2187 458 2210 5
477 2186 519 2215 -Ι-
539 2186 568 2209 11
585 2185 628 2214 -Ι-
642 2182 673 2209 16
687 2192 694 2214 ;

220 2228 266 2262 64
294 2243 336 2259 =
364 2230 790 2266 2÷s÷14÷19÷21;

361 2281 797 2318 2÷s÷14÷1s÷22;

362 2337 520 2367 2-1-8-1-
540 2337 794 2366 13÷1s÷2.3;

444 2389 458 2411 8
477 2388 519 2417 ÷
540 2382 572 2411 14
585 2389 625 2416 -ι-
641 2388 674 2415 19
688 2389 728 2416 -ι-
743 2389 791 2417 2³3
810 2382 901 2412 forma
915 2382 1052 2423 oblonga.

358 2442 494 2471 Adnot.
523 2441 638 2480 Species
663 2443 709 2471 hic
729 2442 763 2471 ad
786 2443 942 2482 specimina
969 2443 1032 2472 viva
1058 2443 1199 2482 descripta
1226 2453 1240 2471 a
1266 2445 1301 2471 P.
1315 2448 1456 2478 anguloso
1484 2449 1643 2480 auctorum,
1671 2445 1781 2483 qualem

221 2505 306 2535 supra
324 2493 423 2523 formis
443 2493 642 2533 heterogeneis
662 2494 849 2534 depurgatum
868 2494 1023 2534 proposui,
1049 2494 1080 2524 in
1098 2504 1134 2524 eo
1154 2493 1310 2534 paullulum
1332 2494 1437 2531 dissert,
1457 2495 1533 2534 quod
1555 2495 1698 2525 cornubus
1726 2497 1783 2525 evi—
