2225 3020
1180 228 1227 264 70

420 332 701 377 Sphaerodesmus('
712 337 733 371 ),
749 335 793 363 cui
807 333 919 363 affinem
934 337 1157 368 Staurogeniam
1170 327 1263 374 K.(²)
1280 334 1388 370 addam,
1412 344 1482 372 quae
1502 333 1598 362 omnia
1618 333 1804 374 gonidiorum
1821 332 1994 362 formatione

421 390 592 420 succedanea
608 398 670 415 cum
687 386 833 414 Pediastro
850 385 1016 419 convenire,
1037 384 1086 413 sed
1101 390 1216 423 praeter
1231 385 1365 413 coenobii
1380 385 1625 413 constructionem
1648 384 1773 424 gonidiis
1800 384 1993 413 immobilibus

421 443 455 470 ab
471 440 569 469 eodem
595 438 710 466 differre
729 430 929 471 videnturffi).
945 437 1025 464 Inter
1039 446 1145 475 genera
1161 435 1306 463 eremobia
1321 435 1485 464 cellularum
1502 436 1592 464 forma
1607 436 1754 464 Pediastro
1771 435 1993 474 comparandum

421 498 462 520 est
475 488 727 526 Polyedrium(⁴),
754 488 832 516 cuius
856 486 1025 527 propagatio
1048 486 1149 526 ignota
1164 491 1220 520 est;
1243 487 1487 526 zoogonidiorum
1509 487 1608 526 genesi
1630 487 1804 515 succedanea
1819 492 1847 515 et
1867 486 1994 526 agilitate

421 553 483 570 cum
505 541 654 569 Pediastro
674 539 797 578 denique
819 539 997 568 conveniunt
1017 540 1188 565 Clzuracium
1208 542 1236 565 et
1254 540 1449 573 Cyslococcus.

978 626 1197 665 Specierum
1219 625 1435 655 distinctio.

561 692 677 731 Species
692 691 840 727 Pediastri,
861 701 1030 729 quamquam
1052 689 1132 718 valde
1147 689 1354 728 polymorphae
1372 695 1453 725 sunt,
1474 690 1502 718 in
1518 689 1576 728 ipsa
1591 694 1702 724 natura,
1719 689 1742 717 si
1756 689 1912 728 specimina
1930 688 1995 717 viva

421 744 582 784 copiosiora
597 743 814 782 comparaveris,
831 742 903 770 haud
917 752 1004 781 aegre
1019 741 1243 780 distinguuntur,
1258 751 1329 778 quae
1339 751 1407 769 vero
1423 740 1451 769 in
1467 740 1544 769 libris
1560 739 1725 779 propositae
1740 745 1814 776 sunt,
1824 730 1996 769 vdifficillime

421 796 604 825 extricantur.
649 795 775 823 Primum
798 796 942 828 Tin-pinus
966 793 1042 820 iuter
1057 792 1164 831 species
1188 797 1244 819 tres
1259 792 1325 819 duas
1347 791 1431 820 habet
1445 791 1489 820 vix
1504 797 1584 819 certo
1613 791 1761 826 eruendas,
1780 791 1813 819 ab
1833 791 1996 820 auctoribus

421 847 500 877 vario
523 846 609 875 modo
630 846 804 875 diuidit-atas,
829 855 947 882 quarum
969 843 1074 878 altera,
1099 846 1263 870 Helieriella
1279 845 1467 877 Napnleom's,
1483 842 1651 871 multifariae
1666 842 1831 880 praesertim
1848 841 1994 870 confusio-

421 899 465 927 nis
480 908 574 926 ansam
590 897 727 936 praebuit.
757 896 831 923 Tum
848 895 946 934 Meye
958 895 1056 929 nius,
1077 894 1238 932 Turpiuum
1255 894 1401 933 ignorans,
1417 894 1449 921 ad
1465 893 1610 932 primarias
1630 893 1738 921 formae
1759 893 1924 921 cellularum
1939 892 1994 920 dif-

421 950 565 983 ferentias,
594 959 660 986 quas
678 948 749 975 hene
765 945 917 985 perspexit,
944 945 1051 984 species
1070 951 1125 973 tres
1141 945 1277 980 distinxit,
1305 944 1481 973 differentias
1496 945 1674 973 secundarias
1691 954 1759 972 vero
1782 943 1932 983 negligens
1953 954 1996 972 se-

422 1001 531 1030 ctiones
547 999 659 1039 generis
675 998 779 1037 potius,
808 1008 875 1035 quas
891 997 1001 1035 species
1017 996 1168 1034 simplices,
1193 996 1353 1034 proposuit.
1394 995 1454 1023 Sub
1470 998 1503 1023 P.
1518 999 1625 1031 duplici
1646 995 1777 1034 profecto
1797 995 1905 1033 species
1921 997 1994 1024 6-7

421 1050 618 1090 congregavit.
648 1049 822 1078 Cellularum
838 1059 971 1076 uumerus
990 1047 1128 1087 regularis
1144 1058 1207 1075 eum
1224 1046 1307 1086 sugit,
1323 1058 1409 1085 quum
1428 1047 1582 1085 specimina
1598 1046 1736 1085 pleraque
1751 1057 1850 1074 manca
1872 1046 1996 1074 delinea-

420 1103 502 1132 verit.
545 1101 586 1130 Ill.
608 1100 829 1139 Ehrenberg
850 1099 918 1127 locis
943 1109 1026 1137 supra
1048 1098 1138 1126 citatis
1160 1108 1183 1126 a.
1211 1104 1275 1126 1839,
1303 1098 1411 1136 species
1431 1104 1456 1133 11,
1482 1108 1506 1125 a.
1530 1103 1596 1126 1838
1624 1097 1733 1135 species
1755 1103 1772 1128 9
1799 1097 1949 1135 descripsit
1968 1102 1997 1125 et

420 1154 524 1182 formas
541 1152 673 1190 plurimas
690 1151 786 1190 figuris
802 1150 961 1181 illustravit,
978 1155 1005 1177 at
1020 1149 1184 1177 cellularum
1199 1159 1319 1176 numero
1335 1154 1364 1177 et
1379 1148 1560 1186 dispositioni
1575 1148 1700 1176 valorem
1717 1148 1834 1176 nimium
1854 1148 1995 1184 attribuit,

422 1205 541 1233 sormam
558 1209 585 1231 et
600 1203 834 1231 coniunctionem
855 1201 974 1229 minoris
990 1201 1129 1228 momenti
1153 1199 1259 1235 habuit,
1283 1200 1357 1228 unde
1372 1199 1406 1227 ad
1422 1199 1587 1227 methodum
1603 1199 1778 1227 artificialem
1793 1199 1929 1226 adductus
1945 1204 1996 1234 est,

420 1256 456 1284 ita
472 1262 500 1283 111
515 1255 623 1293 species
639 1253 779 1282 naturales
795 1253 827 1281 ab
844 1253 931 1281 altera
946 1258 1024 1291 parte
1040 1251 1246 1285 dilaceraverit,
1266 1250 1299 1278 ab
1317 1250 1404 1279 altera
1419 1250 1640 1278 commiscuerit.
1657 1250 1705 1277 Sic
1722 1260 1745 1278 e.
1757 1260 1799 1289 gr.
1815 1250 1920 1288 speciei
1935 1249 1996 1277 vul-

421 1307 590 1347 gatissimae,
604 1308 638 1333 Ρ.
654 1307 797 1341 Borymu',
825 1304 928 1331 formas
942 1303 1035 1341 quoad
1052 1314 1200 1331 numerum
1217 1301 1382 1330 cellularum
1400 1301 1524 1329 diversas
1537 1301 1575 1329 «111
1595 1306 1716 1339 quatuor
1730 1300 1839 1339 speeies
1864 1300 1996 1339 disperti-

421 1358 470 1392 vit,
497 1357 674 1395 totidemque
695 1355 853 1394 specierum
875 1355 1050 1383 diversarum
1068 1353 1171 1381 formas
1188 1363 1308 1381 numero
1331 1358 1525 1393 congruentes
1540 1351 1591 1380 sub
1608 1352 1724 1380 nomine
1739 1352 1770 1380 P.
1786 1352 1912 1390 Boryani
1928 1362 1997 1380 con-

420 1409 518 1450 gessit.
546 1407 657 1436 Contra
672 1405 901 1445 Ehrenbergium
919 1405 952 1433 cl.
968 1404 1194 1443 Meneghiui,
1211 1404 1345 1443 Meyenio
1361 1398 1590 1441 adsentiens(⁵),
1607 1413 1756 1431 numerum
1772 1402 1937 1430 cellularum
1952 1403 1996 1430 in-

421 1515 583 1554 aMeyenio
599 1514 661 1552 ipso
676 1512 841 1552 propositae
868 1514 911 1549 (S.
924 1515 1034 1547 pictum
1055 1516 1083 1538 et
1105 1510 1283 1546 elliplicum),
1306 1519 1377 1547 quae
1399 1509 1487 1548 agiles
1509 1519 1569 1537 esse
1596 1508 1742 1543 dicuntur,
1766 1508 1799 1536 ad
1826 1511 1995 1536 Voluocinas

420 1566 515 1606 potius
531 1565 676 1604 pertinere
695 1564 837 1592 videntur.

498 1625 544 1666 (')
572 1632 829 1664 Ssilmerodesmus,
857 1636 871 1653 a
890 1624 1014 1664 Niigelio
1030 1636 1055 1663 p.
1072 1626 1105 1653 63
1129 1623 1284 1663 adligatus,
1312 1633 1403 1662 genus
1419 1628 1461 1651 est
1482 1621 1516 1650 ab
1535 1628 1652 1650 auctore
1667 1621 1795 1650 nondum
1811 1622 1996 1661 descriptum,

421 1680 568 1709 coenobiis
590 1691 604 1708 e
626 1678 733 1707 cellulis
755 1677 924 1717 plerumque
946 1676 961 1704 si
988 1675 1141 1714 sphaericis
1166 1674 1194 1702 in
1218 1673 1330 1702 rhombi
1351 1673 1470 1702 sormam
1492 1679 1569 1702 arcte
1597 1673 1759 1701 coniunctis
1784 1672 1919 1713 gaudens.
1947 1676 1996 1709 Sp.

420 1737 612 1760 alternantem
627 1730 702 1770 Niig.
719 1728 853 1767 Friburgi
870 1734 897 1756 et
911 1727 1042 1755 Berolini
1063 1726 1221 1754 observavi.

499 1789 548 1836 (⁹)
564 1796 775 1827 Slaurogem'ne
790 1796 951 1828 ‹lumb-alae
966 1791 1001 1819 K.
1018 1789 1225 1829 (Crucigeuiae
1248 1788 1399 1828 quadratae
1415 1789 1544 1823 Morren,
1560 1787 1636 1816 Ann.
1652 1787 1678 1815 d.
1694 1798 1732 1815 sc.
1749 1793 1803 1815 nat.
1820 1787 1883 1815 XX.
1895 1787 1995 1824 (¹830)

420 1859 448 1886 p.
463 1846 524 1874 «101.
539 1851 559 1873 t.
574 1851 613 1879 15,
628 1843 775 1872 pediam-0
790 1843 927 1881 quadrato
943 1842 1090 1881 Menegh.)
1107 1841 1221 1869 alteram
1237 1840 1360 1878 speciem
1377 1839 1537 1878 adiungam,
1552 1842 1594 1866 Sl.
1608 1843 1837 1873 rectangularem
1855 1837 1996 1878 (Chlom-

421 1897 533 1937 pedium
551 1894 748 1934 rectangulare
763 1895 837 1933 Niig.
854 1895 882 1921 iu
898 1894 940 1921 lit.
958 1893 1038 1928 1819)
1055 1891 1202 1921 coenobiis
1218 1889 1616 1929 ohtusato-rectangularibus
1637 1896 1665 1917 et
1680 1889 1777 1917 lacuna
1794 1889 1883 1917 media
1898 1888 1995 1917 rhom-

420 1949 472 1977 bea
488 1948 658 1979 distinctam,
680 1956 761 1983 quam
778 1945 877 1973 Turiri
899 1956 912 1972 a
932 1944 1056 1983 Niigelio
1074 1943 1212 1971 detectam
1236 1942 1370 1981 Friburgi
1390 1941 1557 1980 Brisgoviae
1578 1941 1611 1969 ad
1633 1941 1878 1980 Ilugstetten,
1902 1940 1995 1968 Bero-

421 1999 470 2028 lini
489 1999 517 2027 111
532 2005 634 2037 stagno
649 1996 725 2024 horti
741 1996 876 2031 botanici,
899 2006 951 2023 nec
968 2006 1024 2023 11011
1042 1995 1117 2022 inter
1133 1994 1276 2021 Pediastra
1291 1992 1325 2020 ab
1342 1992 1522 2032 Itzigsohnio
1539 1992 1679 2020 Neodami
1694 1991 1763 2019 lecta
1787 1986 1944 2019 observavi.

498 2057 545 2099 (³)
574 2064 759 2089 Scenodcsmi
784 2059 1023 2099 propagationem
1045 2058 1195 2086 illustravit
1218 2056 1352 2096 Niigeli
1380 2056 1468 2092 (einz.
1491 2055 1557 2095 Alg.
1578 2067 1603 2094 p.
1620 2062 1661 2086 ΞΗ.
1682 2060 1701 2083 t.
1717 2055 1751 2082 V.
1764 2054 1826 2091 A.),
1855 2057 1998 2082 Coelaslri

421 2117 566 2150 sphaerici
591 2111 827 2151 propagationem
856 2109 1088 2149 Pringsheim
1118 2108 1218 2145 (Flora
1237 2114 1312 2136 1852.
1334 2119 1360 2146 p.
1377 2107 1438 2135 listi.
1456 2112 1473 2134 t.
1490 2107 1565 2141 VI.),
1590 2106 1637 2145 qui
1665 2105 1848 2145 gonidiorum
1875 2106 1994 2145 genesin

421 2164 616 2194 simultaueam
633 2169 661 2191 et
672 2162 874 2190 succedaneam
890 2161 917 2188 in
935 2161 1031 2189 eadem
1045 2160 1138 2198 specie
1149 2158 1369 2196 (?)observavit.
1386 2159 1450 2196 Ipse
1460 2161 1602 2185 Coelaslri
1613 2160 1770 2191 micropori
1786 2157 1859 2196 Niig.
1877 2156 1995 2194 (speciei

421 2216 554 2250 ineditae⁷
569 2213 677 2243 cellulis
693 2220 718 2248 S,
740 2218 768 2241 10
784 2212 826 2240 vel
844 2218 876 2240 3:
892 2218 987 2240 exacte
1002 2211 1164 2249 sphaericis,
1180 2210 1328 2250 globulum
1350 2209 1464 2237 unicum
1479 2208 1640 2247 superficiei
1661 2207 1886 2246 approximatum
1902 2207 1995 2235 conti-

423 2266 566 2301 neutibus,
593 2271 620 2293 et
636 2263 794 2292 interstitiis
811 2263 968 2291 minoribus
985 2262 1149 2297 distinctae)
1177 2261 1415 2300 propagationem
1429 2259 1564 2299 Friburgi
1584 2258 1752 2298 Brisgoviae
1771 2258 1882 2297 saepius
1897 2258 1995 2286 obser-

423 2318 492 2353 vavi,
521 2317 599 2345 cuius
620 2315 759 2344 coenobia
780 2314 871 2342 filialia
891 2313 1102 2342 evidentissime
1124 2324 1174 2352 per
1194 2312 1363 2340 divisionem
1383 2310 1587 2339 succedaneam
1616 2316 1678 2337 orta
1698 2310 1763 2338 vidi.
1799 2310 1845 2338 De
1863 2312 1997 2337 Sorastri

423 2368 630 2408 propagatione
646 2366 861 2394 observationes
881 2365 1086 2394 desiderantur.

500 2429 546 2472 (⁴)
573 2431 646 2470 Nzig.
663 2430 736 2459 einz.
753 2429 819 2469 Alg.
836 2440 861 2468 p.
878 2435 920 2458 83.
935 2434 954 2456 t.
970 2428 1020 2456 IV.
1035 2428 1067 2455 B.

499 2487 545 2531 (⁵)
575 2495 678 2532 Meyen
693 2493 731 2521 im
746 2493 879 2533 NYiegm.
896 2491 983 2520 Arch.
1004 2496 1079 2520 1835.
1096 2501 1121 2529 p.
1138 2491 1199 2521 259.
1216 2488 1351 2529 Menegh.
1366 2488 1396 2516 in
1410 2488 1538 2516 Linnaea
1551 2487 1630 2516 XIV.
1648 2486 1747 2525 (1840)
1762 2497 1790 2525 p.
1805 2490 1866 2518 209.
