<?xml version="1.0" encoding="UTF-8"?>
<!DOCTYPE html PUBLIC "-//W3C//DTD XHTML 1.0 Transitional//EN"
    "http://www.w3.org/TR/xhtml1/DTD/xhtml1-transitional.dtd">
<html xmlns="http://www.w3.org/1999/xhtml" xml:lang="en" lang="en">
 <head>
  <title>
</title>
<meta http-equiv="Content-Type" content="text/html;charset=utf-8" />
  <meta name='ocr-system' content='tesseract 3.04.00' />
  <meta name='ocr-capabilities' content='ocr_page ocr_carea ocr_par ocr_line ocrx_word'/>
</head>
<body>
  <div class='ocr_page' id='page_1' title='image "algarumunicellul00brau_0116.png"; bbox 0 0 2225 3020; ppageno 0'>
   <div class='ocr_carea' id='block_1_1' title="bbox 1161 207 1231 241">
    <p class='ocr_par' dir='ltr' id='par_1_1' title="bbox 1161 207 1231 241">
     <span class='ocr_line' id='line_1_1' title="bbox 1161 207 1231 241; baseline 0 0"><span class='ocrx_word' id='word_1_1' title='bbox 1161 207 1231 241; x_wconf 76' lang='lat'><strong>102</strong></span> 
     </span>
    </p>
   </div>
   <div class='ocr_carea' id='block_1_2' title="bbox 410 305 1981 484">
    <p class='ocr_par' dir='ltr' id='par_1_2' title="bbox 410 305 1981 484">
     <span class='ocr_line' id='line_1_2' title="bbox 548 305 1981 357; baseline -0.001 -13"><span class='ocrx_word' id='word_1_2' title='bbox 548 308 587 350; x_wconf 70' lang='grc' dir='ltr'><strong>β.</strong></span> <span class='ocrx_word' id='word_1_3' title='bbox 607 313 886 357; x_wconf 75' lang='lat' dir='ltr'><strong>emm-ginatum.</strong></span> <span class='ocrx_word' id='word_1_4' title='bbox 933 306 1099 343; x_wconf 87' lang='lat' dir='ltr'><strong>Cellulae</strong></span> <span class='ocrx_word' id='word_1_5' title='bbox 1118 306 1208 342; x_wconf 89' lang='lat' dir='ltr'><strong>radii</strong></span> <span class='ocrx_word' id='word_1_6' title='bbox 1227 308 1344 342; x_wconf 86' lang='lat' dir='ltr'><strong>minus</strong></span> <span class='ocrx_word' id='word_1_7' title='bbox 1363 307 1545 356; x_wconf 84' lang='lat' dir='ltr'>profunde</span> <span class='ocrx_word' id='word_1_8' title='bbox 1571 308 1645 354; x_wconf 84' lang='lat' dir='ltr'><strong>(vix</strong></span> <span class='ocrx_word' id='word_1_9' title='bbox 1669 306 1713 343; x_wconf 84' lang='lat' dir='ltr'><strong>ad</strong></span> <span class='ocrx_word' id='word_1_10' title='bbox 1738 305 1899 343; x_wconf 87' lang='lat' dir='ltr'><strong>medium</strong></span> <span class='ocrx_word' id='word_1_11' title='bbox 1923 320 1981 342; x_wconf 88' lang='lat' dir='ltr'><strong>us-</strong></span> 
     </span>
     <span class='ocr_line' id='line_1_3' title="bbox 412 370 1981 427; baseline -0.004 -15"><span class='ocrx_word' id='word_1_12' title='bbox 412 380 498 427; x_wconf 83' lang='lat' dir='ltr'><strong>que)</strong></span> <span class='ocrx_word' id='word_1_13' title='bbox 519 373 668 417; x_wconf 74' lang='lat' dir='ltr'><strong>bifidae3</strong></span> <span class='ocrx_word' id='word_1_14' title='bbox 700 372 776 407; x_wconf 79' lang='lat' dir='ltr'><strong>lobi</strong></span> <span class='ocrx_word' id='word_1_15' title='bbox 796 371 951 414; x_wconf 69' lang='lat' dir='ltr'><strong>latiores,</strong></span> <span class='ocrx_word' id='word_1_16' title='bbox 985 370 1413 420; x_wconf 80' lang='lat' dir='ltr'><strong>emarginato-bidentati</strong></span> <span class='ocrx_word' id='word_1_17' title='bbox 1439 379 1499 406; x_wconf 87' lang='lat' dir='ltr'><strong>aut</strong></span> <span class='ocrx_word' id='word_1_18' title='bbox 1522 372 1598 407; x_wconf 85' lang='lat' dir='ltr'><strong>fere</strong></span> <span class='ocrx_word' id='word_1_19' title='bbox 1621 373 1798 415; x_wconf 76' lang='lat' dir='ltr'><strong>truncati3</strong></span> <span class='ocrx_word' id='word_1_20' title='bbox 1828 370 1981 406; x_wconf 82' lang='lat' dir='ltr'>cellulae</span> 
     </span>
     <span class='ocr_line' id='line_1_4' title="bbox 410 434 1980 484; baseline -0.003 -10"><span class='ocrx_word' id='word_1_21' title='bbox 410 440 495 475; x_wconf 87' lang='lat' dir='ltr'><strong>disci</strong></span> <span class='ocrx_word' id='word_1_22' title='bbox 514 439 657 472; x_wconf 86' lang='lat' dir='ltr'><strong>brevius</strong></span> <span class='ocrx_word' id='word_1_23' title='bbox 678 436 822 470; x_wconf 83' lang='lat' dir='ltr'><strong>bilobae</strong></span> <span class='ocrx_word' id='word_1_24' title='bbox 842 443 903 470; x_wconf 85' lang='lat' dir='ltr'><strong>aut</strong></span> <span class='ocrx_word' id='word_1_25' title='bbox 922 434 1049 470; x_wconf 83' lang='lat' dir='ltr'><strong>leviter</strong></span> <span class='ocrx_word' id='word_1_26' title='bbox 1068 442 1207 470; x_wconf 83' lang='lat' dir='ltr'><strong>tantum</strong></span> <span class='ocrx_word' id='word_1_27' title='bbox 1227 437 1482 484; x_wconf 77' lang='lat' dir='ltr'><strong>emarginatae3</strong></span> <span class='ocrx_word' id='word_1_28' title='bbox 1513 434 1662 471; x_wconf 89' lang='lat' dir='ltr'><strong>lacunae</strong></span> <span class='ocrx_word' id='word_1_29' title='bbox 1683 437 1853 479; x_wconf 86' lang='lat' dir='ltr'><strong>minores,</strong></span> <span class='ocrx_word' id='word_1_30' title='bbox 1889 447 1980 469; x_wconf 88' lang='lat' dir='ltr'><strong>non-</strong></span> 
     </span>
    </p>
   </div>
   <div class='ocr_carea' id='block_1_3' title="bbox 410 501 796 551">
    <p class='ocr_par' dir='ltr' id='par_1_3' title="bbox 410 501 796 551">
     <span class='ocr_line' id='line_1_5' title="bbox 410 501 796 551; baseline -0.01 -14"><span class='ocrx_word' id='word_1_31' title='bbox 410 514 594 551; x_wconf 87' lang='lat' dir='ltr'>nunquam</span> <span class='ocrx_word' id='word_1_32' title='bbox 616 501 796 534; x_wconf 85' lang='lat' dir='ltr'><strong>minimae.</strong></span> 
     </span>
    </p>
   </div>
   <div class='ocr_carea' id='block_1_4' title="bbox 756 591 1635 633">
    <p class='ocr_par' dir='ltr' id='par_1_4' title="bbox 756 591 1635 633">
     <span class='ocr_line' id='line_1_6' title="bbox 756 591 1635 633; baseline -0.001 -12"><span class='ocrx_word' id='word_1_33' title='bbox 756 593 961 633; x_wconf 88' lang='lat' dir='ltr'><strong>Synonyma</strong></span> <span class='ocrx_word' id='word_1_34' title='bbox 985 592 1178 631; x_wconf 83' lang='lat' dir='ltr'><strong>utriusque</strong></span> <span class='ocrx_word' id='word_1_35' title='bbox 1202 591 1397 621; x_wconf 84' lang='lat' dir='ltr'><strong>varietatis</strong></span> <span class='ocrx_word' id='word_1_36' title='bbox 1422 593 1635 631; x_wconf 87' lang='lat' dir='ltr'><strong>conjuncta.</strong></span> 
     </span>
    </p>
   </div>
   <div class='ocr_carea' id='block_1_5' title="bbox 407 667 2007 2136">
    <p class='ocr_par' dir='ltr' id='par_1_5' title="bbox 407 667 1983 763">
     <span class='ocr_line' id='line_1_7' title="bbox 546 667 1983 709; baseline -0.001 -11"><span class='ocrx_word' id='word_1_37' title='bbox 546 673 580 698; x_wconf 91' lang='lat' dir='ltr'><strong>P.</strong></span> <span class='ocrx_word' id='word_1_38' title='bbox 596 674 771 698; x_wconf 75' lang='lat' dir='ltr'><strong>birodiatum</strong></span> <span class='ocrx_word' id='word_1_39' title='bbox 796 670 901 709; x_wconf 78' lang='lat' dir='ltr'><strong>Meyen</strong></span> <span class='ocrx_word' id='word_1_40' title='bbox 923 669 997 697; x_wconf 90' lang='lat' dir='ltr'><strong>Nov.</strong></span> <span class='ocrx_word' id='word_1_41' title='bbox 1014 674 1067 696; x_wconf 84' lang='lat' dir='ltr'><strong>act.</strong></span> <span class='ocrx_word' id='word_1_42' title='bbox 1083 674 1141 696; x_wconf 83' lang='lat' dir='ltr'><strong>nat.</strong></span> <span class='ocrx_word' id='word_1_43' title='bbox 1157 679 1217 697; x_wconf 87' lang='lat' dir='ltr'><strong>cur.</strong></span> <span class='ocrx_word' id='word_1_44' title='bbox 1232 668 1311 697; x_wconf 86' lang='lat' dir='ltr'><strong>XIV.</strong></span> <span class='ocrx_word' id='word_1_45' title='bbox 1326 668 1364 697; x_wconf 91' lang='lat' dir='ltr'><strong>II.</strong></span> <span class='ocrx_word' id='word_1_46' title='bbox 1379 669 1478 706; x_wconf 76' lang='lat'><strong>(1329)</strong></span> <span class='ocrx_word' id='word_1_47' title='bbox 1501 679 1527 707; x_wconf 90' lang='lat' dir='ltr'><strong>p.</strong></span> <span class='ocrx_word' id='word_1_48' title='bbox 1544 672 1605 699; x_wconf 76' lang='grc'>775.</span> <span class='ocrx_word' id='word_1_49' title='bbox 1627 673 1647 696; x_wconf 88' lang='lat' dir='ltr'><strong>t.</strong></span> <span class='ocrx_word' id='word_1_50' title='bbox 1663 668 1707 697; x_wconf 72' lang='grc'><strong>43.</strong></span> <span class='ocrx_word' id='word_1_51' title='bbox 1729 667 1748 696; x_wconf 84' lang='lat' dir='ltr'><strong>f.</strong></span> <span class='ocrx_word' id='word_1_52' title='bbox 1762 674 1806 697; x_wconf 82' lang='lat'><strong>21.</strong></span> <span class='ocrx_word' id='word_1_53' title='bbox 1821 673 1854 697; x_wconf 81' lang='lat'><strong>22</strong></span> <span class='ocrx_word' id='word_1_54' title='bbox 1877 668 1983 706; x_wconf 82' lang='lat' dir='ltr'><strong>(forma</strong></span> 
     </span>
     <span class='ocr_line' id='line_1_8' title="bbox 407 720 1102 763; baseline -0.007 -11"><span class='ocrx_word' id='word_1_55' title='bbox 407 721 598 763; x_wconf 73' lang='lat' dir='ltr'><strong>angustssoba,</strong></span> <span class='ocrx_word' id='word_1_56' title='bbox 616 721 664 750; x_wconf 84' lang='lat' dir='ltr'><strong>sed</strong></span> <span class='ocrx_word' id='word_1_57' title='bbox 686 721 880 749; x_wconf 71' lang='lat' dir='ltr'><strong>brevideniata</strong></span> <span class='ocrx_word' id='word_1_58' title='bbox 898 720 1041 748; x_wconf 78' lang='lat' dir='ltr'><strong>varietatis</strong></span> <span class='ocrx_word' id='word_1_59' title='bbox 1057 721 1102 755; x_wconf 80' lang='lat' dir='ltr'><strong>u).</strong></span> 
     </span>
    </p>

    <p class='ocr_par' dir='ltr' id='par_1_6' title="bbox 408 769 1983 864">
     <span class='ocr_line' id='line_1_9' title="bbox 547 769 1983 811; baseline 0 -11"><span class='ocrx_word' id='word_1_60' title='bbox 547 776 745 800; x_wconf 75' lang='lat' dir='ltr'><strong>Microslerias</strong></span> <span class='ocrx_word' id='word_1_61' title='bbox 763 774 886 808; x_wconf 79' lang='lat' dir='ltr'><strong>sur-cala</strong></span> <span class='ocrx_word' id='word_1_62' title='bbox 914 771 997 799; x_wconf 77' lang='lat' dir='ltr'><strong>K&#39;utz.</strong></span> <span class='ocrx_word' id='word_1_63' title='bbox 1028 771 1098 810; x_wconf 74' lang='lat' dir='ltr'><strong>Syn.</strong></span> <span class='ocrx_word' id='word_1_64' title='bbox 1122 770 1199 799; x_wconf 80' lang='lat' dir='ltr'><strong>Diat.</strong></span> <span class='ocrx_word' id='word_1_65' title='bbox 1228 770 1258 799; x_wconf 88' lang='lat' dir='ltr'><strong>in</strong></span> <span class='ocrx_word' id='word_1_66' title='bbox 1284 769 1370 799; x_wconf 83' lang='lat' dir='ltr'><strong>Linn.</strong></span> <span class='ocrx_word' id='word_1_67' title='bbox 1387 770 1458 798; x_wconf 90' lang='lat' dir='ltr'>VIII</span> <span class='ocrx_word' id='word_1_68' title='bbox 1484 770 1584 808; x_wconf 78' lang='lat'><strong>(1833)</strong></span> <span class='ocrx_word' id='word_1_69' title='bbox 1614 781 1640 809; x_wconf 90' lang='lat' dir='ltr'><strong>p.</strong></span> <span class='ocrx_word' id='word_1_70' title='bbox 1656 772 1707 799; x_wconf 78' lang='lat'><strong>602</strong></span> <span class='ocrx_word' id='word_1_71' title='bbox 1736 770 1829 809; x_wconf 87' lang='lat' dir='ltr'><strong>quoad</strong></span> <span class='ocrx_word' id='word_1_72' title='bbox 1856 782 1983 811; x_wconf 81' lang='lat' dir='ltr'><strong>synony-</strong></span> 
     </span>
     <span class='ocr_line' id='line_1_10' title="bbox 408 824 630 864; baseline -0.009 -11"><span class='ocrx_word' id='word_1_73' title='bbox 408 836 476 853; x_wconf 91' lang='lat' dir='ltr'><strong>mon</strong></span> <span class='ocrx_word' id='word_1_74' title='bbox 495 824 630 864; x_wconf 84' lang='lat' dir='ltr'><strong>Meyenii.</strong></span> 
     </span>
    </p>

    <p class='ocr_par' dir='ltr' id='par_1_7' title="bbox 408 861 1983 959">
     <span class='ocr_line' id='line_1_11' title="bbox 547 861 1983 912; baseline -0.001 -10"><span class='ocrx_word' id='word_1_75' title='bbox 547 878 582 903; x_wconf 92' lang='lat' dir='ltr'><strong>M.</strong></span> <span class='ocrx_word' id='word_1_76' title='bbox 600 878 784 908; x_wconf 68' lang='lat' dir='ltr'><strong>emargi&#39;nata</strong></span> <span class='ocrx_word' id='word_1_77' title='bbox 799 872 926 901; x_wconf 67' lang='lat' dir='ltr'><strong>Elirenb.</strong></span> <span class='ocrx_word' id='word_1_78' title='bbox 943 871 1016 901; x_wconf 83' lang='lat' dir='ltr'><strong>Abh.</strong></span> <span class='ocrx_word' id='word_1_79' title='bbox 1032 872 1057 900; x_wconf 91' lang='lat' dir='ltr'><strong>d.</strong></span> <span class='ocrx_word' id='word_1_80' title='bbox 1074 871 1127 900; x_wconf 83' lang='lat' dir='ltr'><strong>Ak.</strong></span> <span class='ocrx_word' id='word_1_81' title='bbox 1144 877 1212 901; x_wconf 78' lang='lat'><strong>1833</strong></span> <span class='ocrx_word' id='word_1_82' title='bbox 1228 883 1256 911; x_wconf 89' lang='lat' dir='ltr'><strong>p.</strong></span> <span class='ocrx_word' id='word_1_83' title='bbox 1273 878 1320 901; x_wconf 77' lang='lat'><strong>301</strong></span> <span class='ocrx_word' id='word_1_84' title='bbox 1340 872 1370 910; x_wconf 88' lang='lat' dir='ltr'><strong>(e</strong></span> <span class='ocrx_word' id='word_1_85' title='bbox 1385 871 1517 912; x_wconf 82' lang='lat' dir='ltr'><strong>diagnosi</strong></span> <span class='ocrx_word' id='word_1_86' title='bbox 1530 871 1650 901; x_wconf 81' lang='lat' dir='ltr'><strong>varietas</strong></span> <span class='ocrx_word' id='word_1_87' title='bbox 1666 877 1763 901; x_wconf 85' lang='lat' dir='ltr'><strong>nostra</strong></span> <span class='ocrx_word' id='word_1_88' title='bbox 1777 861 1805 904; x_wconf 66' lang='grc' dir='ltr'><em>Β</em></span> <span class='ocrx_word' id='word_1_89' title='bbox 1827 872 1871 901; x_wconf 89' lang='lat' dir='ltr'><strong>vel</strong></span> <span class='ocrx_word' id='word_1_90' title='bbox 1890 872 1983 902; x_wconf 82' lang='lat' dir='ltr'><strong>forma</strong></span> 
     </span>
     <span class='ocr_line' id='line_1_12' title="bbox 408 916 1077 959; baseline -0.006 -3"><span class='ocrx_word' id='word_1_91' title='bbox 408 928 484 956; x_wconf 86' lang='lat' dir='ltr'><strong>inter</strong></span> <span class='ocrx_word' id='word_1_92' title='bbox 497 936 517 955; x_wconf 84' lang='grc' dir='ltr'>α</span> <span class='ocrx_word' id='word_1_93' title='bbox 533 932 561 955; x_wconf 85' lang='lat' dir='ltr'><strong>et</strong></span> <span class='ocrx_word' id='word_1_94' title='bbox 575 916 603 955; x_wconf 59' lang='grc' dir='ltr'><strong><em>Θ</em></strong></span> <span class='ocrx_word' id='word_1_95' title='bbox 620 925 718 959; x_wconf 71' lang='lat' dir='ltr'><strong>media,</strong></span> <span class='ocrx_word' id='word_1_96' title='bbox 739 924 847 953; x_wconf 80' lang='lat' dir='ltr'><strong>cellulis</strong></span> <span class='ocrx_word' id='word_1_97' title='bbox 869 928 896 952; x_wconf 70' lang='lat' dir='ltr'><strong>:o</strong></span> <span class='ocrx_word' id='word_1_98' title='bbox 914 924 1077 959; x_wconf 81' lang='lat' dir='ltr'><strong>instructa).</strong></span> 
     </span>
    </p>

    <p class='ocr_par' dir='ltr' id='par_1_8' title="bbox 408 973 2007 1164">
     <span class='ocr_line' id='line_1_13' title="bbox 546 973 1983 1013; baseline -0.001 -9"><span class='ocrx_word' id='word_1_99' title='bbox 546 980 583 1005; x_wconf 90' lang='lat' dir='ltr'><strong>M.</strong></span> <span class='ocrx_word' id='word_1_100' title='bbox 598 981 705 1004; x_wconf 83' lang='lat' dir='ltr'><strong>Rolula</strong></span> <span class='ocrx_word' id='word_1_101' title='bbox 722 975 847 1003; x_wconf 79' lang='lat' dir='ltr'><strong>Ebrenb.</strong></span> <span class='ocrx_word' id='word_1_102' title='bbox 865 975 919 1003; x_wconf 74' lang='lat' dir='ltr'><strong>Ins.</strong></span> <span class='ocrx_word' id='word_1_103' title='bbox 935 978 1035 1011; x_wconf 50' lang='lat'><strong>(1535)</strong></span> <span class='ocrx_word' id='word_1_104' title='bbox 1052 986 1077 1013; x_wconf 90' lang='lat' dir='ltr'><strong>p.</strong></span> <span class='ocrx_word' id='word_1_105' title='bbox 1099 980 1158 1003; x_wconf 72' lang='lat'><strong>153.</strong></span> <span class='ocrx_word' id='word_1_106' title='bbox 1174 980 1193 1002; x_wconf 88' lang='lat' dir='ltr'><strong>t.</strong></span> <span class='ocrx_word' id='word_1_107' title='bbox 1209 974 1259 1002; x_wconf 87' lang='lat' dir='ltr'><strong>XI.</strong></span> <span class='ocrx_word' id='word_1_108' title='bbox 1275 974 1292 1002; x_wconf 85' lang='lat' dir='ltr'><strong>f.</strong></span> <span class='ocrx_word' id='word_1_109' title='bbox 1308 974 1365 1002; x_wconf 91' lang='lat' dir='ltr'><strong>VII</strong></span> <span class='ocrx_word' id='word_1_110' title='bbox 1384 973 1517 1007; x_wconf 81' lang='lat' dir='ltr'><strong>(varietas</strong></span> <span class='ocrx_word' id='word_1_111' title='bbox 1533 983 1563 1009; x_wconf 80' lang='grc' dir='ltr'><strong>α,</strong></span> <span class='ocrx_word' id='word_1_112' title='bbox 1581 974 1629 1002; x_wconf 85' lang='lat' dir='ltr'><strong>sed</strong></span> <span class='ocrx_word' id='word_1_113' title='bbox 1644 973 1717 1002; x_wconf 82' lang='lat' dir='ltr'><strong>iobis</strong></span> <span class='ocrx_word' id='word_1_114' title='bbox 1733 974 1825 1002; x_wconf 85' lang='lat' dir='ltr'><strong>minus</strong></span> <span class='ocrx_word' id='word_1_115' title='bbox 1840 974 1983 1013; x_wconf 77' lang='lat' dir='ltr'><strong>profunde</strong></span> 
     </span>
     <span class='ocr_line' id='line_1_14' title="bbox 408 1015 1982 1064; baseline -0.002 -7"><span class='ocrx_word' id='word_1_116' title='bbox 408 1029 514 1064; x_wconf 86' lang='lat' dir='ltr'><strong>incisis,</strong></span> <span class='ocrx_word' id='word_1_117' title='bbox 534 1027 665 1057; x_wconf 83' lang='lat' dir='ltr'><strong>dentibus</strong></span> <span class='ocrx_word' id='word_1_118' title='bbox 688 1027 790 1055; x_wconf 65' lang='lat' dir='ltr'><strong>erectis</strong></span> <span class='ocrx_word' id='word_1_119' title='bbox 806 1039 811 1055; x_wconf 95' lang='lat'>:</span> <span class='ocrx_word' id='word_1_120' title='bbox 829 1026 845 1054; x_wconf 81' lang='lat' dir='ltr'><strong>f.</strong></span> <span class='ocrx_word' id='word_1_121' title='bbox 865 1027 929 1061; x_wconf 70' lang='lat' dir='ltr'><strong>Vll,</strong></span> <span class='ocrx_word' id='word_1_122' title='bbox 944 1037 957 1054; x_wconf 86' lang='lat' dir='ltr'><strong>a</strong></span> <span class='ocrx_word' id='word_1_123' title='bbox 973 1032 1001 1054; x_wconf 84' lang='lat' dir='ltr'><strong>et</strong></span> <span class='ocrx_word' id='word_1_124' title='bbox 1016 1026 1046 1060; x_wconf 70' lang='grc' dir='ltr'><strong>ἀς</strong></span> <span class='ocrx_word' id='word_1_125' title='bbox 1072 1025 1161 1054; x_wconf 83' lang='lat' dir='ltr'><strong>forma</strong></span> <span class='ocrx_word' id='word_1_126' title='bbox 1184 1026 1259 1054; x_wconf 82' lang='lat' dir='ltr'><strong>inter</strong></span> <span class='ocrx_word' id='word_1_127' title='bbox 1273 1035 1293 1054; x_wconf 82' lang='grc' dir='ltr'>α</span> <span class='ocrx_word' id='word_1_128' title='bbox 1308 1031 1336 1053; x_wconf 84' lang='lat' dir='ltr'><strong>et</strong></span> <span class='ocrx_word' id='word_1_129' title='bbox 1350 1015 1378 1056; x_wconf 62' lang='grc' dir='ltr'><em>Β</em></span> <span class='ocrx_word' id='word_1_130' title='bbox 1401 1025 1586 1060; x_wconf 85' lang='lat' dir='ltr'><strong>intermedia,</strong></span> <span class='ocrx_word' id='word_1_131' title='bbox 1611 1024 1718 1053; x_wconf 85' lang='lat' dir='ltr'><strong>cellulis</strong></span> <span class='ocrx_word' id='word_1_132' title='bbox 1742 1025 1810 1053; x_wconf 86' lang='lat' dir='ltr'><strong>disci</strong></span> <span class='ocrx_word' id='word_1_133' title='bbox 1833 1025 1982 1064; x_wconf 86' lang='lat' dir='ltr'><strong>profundis</strong></span> 
     </span>
     <span class='ocr_line' id='line_1_15' title="bbox 408 1067 2007 1118; baseline -0.003 -9"><span class='ocrx_word' id='word_1_134' title='bbox 408 1080 512 1109; x_wconf 87' lang='lat' dir='ltr'><strong>bilobis</strong></span> <span class='ocrx_word' id='word_1_135' title='bbox 528 1091 533 1108; x_wconf 94' lang='lat'>:</span> <span class='ocrx_word' id='word_1_136' title='bbox 550 1080 566 1108; x_wconf 66' lang='lat' dir='ltr'><strong>s,</strong></span> <span class='ocrx_word' id='word_1_137' title='bbox 581 1080 644 1113; x_wconf 74' lang='lat' dir='ltr'><strong>Vll,</strong></span> <span class='ocrx_word' id='word_1_138' title='bbox 655 1078 687 1112; x_wconf 84' lang='lat' dir='ltr'><strong>b;</strong></span> <span class='ocrx_word' id='word_1_139' title='bbox 707 1078 804 1106; x_wconf 79' lang='lat' dir='ltr'><strong>eadem</strong></span> <span class='ocrx_word' id='word_1_140' title='bbox 820 1078 854 1105; x_wconf 87' lang='lat' dir='ltr'><strong>ad</strong></span> <span class='ocrx_word' id='word_1_141' title='bbox 869 1067 907 1109; x_wconf 52' lang='grc' dir='ltr'><strong>[ὃ.</strong></span> <span class='ocrx_word' id='word_1_142' title='bbox 924 1078 1013 1118; x_wconf 84' lang='lat' dir='ltr'><strong>magis</strong></span> <span class='ocrx_word' id='word_1_143' title='bbox 1033 1077 1117 1105; x_wconf 81' lang='lat' dir='ltr'><strong>etiam</strong></span> <span class='ocrx_word' id='word_1_144' title='bbox 1132 1077 1280 1113; x_wconf 78' lang='lat' dir='ltr'><strong>accedens,</strong></span> <span class='ocrx_word' id='word_1_145' title='bbox 1300 1076 1408 1105; x_wconf 84' lang='lat' dir='ltr'><strong>cellulis</strong></span> <span class='ocrx_word' id='word_1_146' title='bbox 1424 1076 1493 1105; x_wconf 83' lang='lat' dir='ltr'><strong>disci</strong></span> <span class='ocrx_word' id='word_1_147' title='bbox 1509 1076 1691 1116; x_wconf 79' lang='lat' dir='ltr'><strong>emarginatis</strong></span> <span class='ocrx_word' id='word_1_148' title='bbox 1706 1087 1712 1104; x_wconf 80' lang='lat' dir='ltr'>z</span> <span class='ocrx_word' id='word_1_149' title='bbox 1729 1076 1863 1111; x_wconf 83' lang='lat' dir='ltr'><strong>f.V11.c;</strong></span> <span class='ocrx_word' id='word_1_150' title='bbox 1883 1087 1983 1106; x_wconf 85' lang='lat' dir='ltr'><strong>omnes</strong></span> <span class='ocrx_word' id='word_1_151' title='bbox 2004 1094 2007 1098; x_wconf 89' lang='lat'>·</span> 
     </span>
     <span class='ocr_line' id='line_1_16' title="bbox 409 1130 835 1164; baseline -0.007 -4"><span class='ocrx_word' id='word_1_152' title='bbox 409 1131 516 1160; x_wconf 85' lang='lat' dir='ltr'><strong>cellulis</strong></span> <span class='ocrx_word' id='word_1_153' title='bbox 532 1136 597 1164; x_wconf 73' lang='grc'>5-1-</span> <span class='ocrx_word' id='word_1_154' title='bbox 613 1136 635 1158; x_wconf 80' lang='grc'><strong>11</strong></span> <span class='ocrx_word' id='word_1_155' title='bbox 656 1130 835 1164; x_wconf 80' lang='lat' dir='ltr'><strong>instructae).</strong></span> 
     </span>
    </p>

    <p class='ocr_par' dir='ltr' id='par_1_9' title="bbox 409 1177 1983 1270">
     <span class='ocr_line' id='line_1_17' title="bbox 547 1177 1983 1217; baseline -0.001 -9"><span class='ocrx_word' id='word_1_156' title='bbox 547 1184 583 1208; x_wconf 91' lang='lat' dir='ltr'><strong>M.</strong></span> <span class='ocrx_word' id='word_1_157' title='bbox 599 1185 741 1215; x_wconf 70' lang='lat' dir='ltr'><strong>angulosa</strong></span> <span class='ocrx_word' id='word_1_158' title='bbox 758 1179 883 1208; x_wconf 69' lang='lat' dir='ltr'><strong>lihrenb.</strong></span> <span class='ocrx_word' id='word_1_159' title='bbox 900 1178 952 1207; x_wconf 79' lang='lat' dir='ltr'><strong>Ins.</strong></span> <span class='ocrx_word' id='word_1_160' title='bbox 970 1190 996 1217; x_wconf 89' lang='lat' dir='ltr'><strong>p.</strong></span> <span class='ocrx_word' id='word_1_161' title='bbox 1013 1184 1073 1208; x_wconf 83' lang='grc'><strong>158.</strong></span> <span class='ocrx_word' id='word_1_162' title='bbox 1089 1189 1121 1207; x_wconf 81' lang='lat' dir='ltr'><strong>ex</strong></span> <span class='ocrx_word' id='word_1_163' title='bbox 1138 1190 1164 1217; x_wconf 91' lang='lat' dir='ltr'><strong>p.</strong></span> <span class='ocrx_word' id='word_1_164' title='bbox 1180 1184 1200 1207; x_wconf 83' lang='lat' dir='ltr'><strong>t.</strong></span> <span class='ocrx_word' id='word_1_165' title='bbox 1215 1179 1265 1207; x_wconf 89' lang='lat' dir='ltr'><strong>XI.</strong></span> <span class='ocrx_word' id='word_1_166' title='bbox 1282 1177 1300 1207; x_wconf 87' lang='lat' dir='ltr'><strong>f.</strong></span> <span class='ocrx_word' id='word_1_167' title='bbox 1316 1178 1366 1213; x_wconf 71' lang='lat' dir='ltr'><strong>VI,</strong></span> <span class='ocrx_word' id='word_1_168' title='bbox 1381 1178 1398 1206; x_wconf 93' lang='lat' dir='ltr'>b</span> <span class='ocrx_word' id='word_1_169' title='bbox 1416 1183 1444 1206; x_wconf 83' lang='lat' dir='ltr'><strong>et</strong></span> <span class='ocrx_word' id='word_1_170' title='bbox 1457 1189 1472 1206; x_wconf 88' lang='lat' dir='ltr'><strong>c</strong></span> <span class='ocrx_word' id='word_1_171' title='bbox 1493 1177 1662 1215; x_wconf 76' lang='lat' dir='ltr'><strong>(specimina</strong></span> <span class='ocrx_word' id='word_1_172' title='bbox 1682 1177 1872 1207; x_wconf 70' lang='lat' dir='ltr'><strong>to-cellularia</strong></span> <span class='ocrx_word' id='word_1_173' title='bbox 1891 1179 1983 1207; x_wconf 87' lang='lat' dir='ltr'><strong>varie-</strong></span> 
     </span>
     <span class='ocr_line' id='line_1_18' title="bbox 409 1222 1797 1270; baseline -0.004 -8"><span class='ocrx_word' id='word_1_174' title='bbox 409 1234 472 1262; x_wconf 80' lang='lat' dir='ltr'>tatis</span> <span class='ocrx_word' id='word_1_175' title='bbox 487 1222 536 1268; x_wconf 51' lang='grc' dir='ltr'><strong>βα,</strong></span> <span class='ocrx_word' id='word_1_176' title='bbox 560 1232 668 1260; x_wconf 83' lang='lat' dir='ltr'><strong>cellulis</strong></span> <span class='ocrx_word' id='word_1_177' title='bbox 683 1231 753 1259; x_wconf 74' lang='lat' dir='ltr'><strong>disci</strong></span> <span class='ocrx_word' id='word_1_178' title='bbox 769 1232 796 1259; x_wconf 90' lang='lat' dir='ltr'><strong>in</strong></span> <span class='ocrx_word' id='word_1_179' title='bbox 811 1231 900 1270; x_wconf 79' lang='lat' dir='ltr'><strong>figura</strong></span> <span class='ocrx_word' id='word_1_180' title='bbox 916 1230 1003 1258; x_wconf 82' lang='lat' dir='ltr'><strong>altera</strong></span> <span class='ocrx_word' id='word_1_181' title='bbox 1019 1230 1189 1268; x_wconf 83' lang='lat' dir='ltr'><strong>profundius</strong></span> <span class='ocrx_word' id='word_1_182' title='bbox 1205 1229 1318 1264; x_wconf 82' lang='lat' dir='ltr'><strong>bilohis,</strong></span> <span class='ocrx_word' id='word_1_183' title='bbox 1338 1229 1365 1257; x_wconf 91' lang='lat' dir='ltr'><strong>in</strong></span> <span class='ocrx_word' id='word_1_184' title='bbox 1381 1229 1468 1257; x_wconf 81' lang='lat' dir='ltr'><strong>altera</strong></span> <span class='ocrx_word' id='word_1_185' title='bbox 1486 1229 1574 1257; x_wconf 85' lang='lat' dir='ltr'><strong>levius</strong></span> <span class='ocrx_word' id='word_1_186' title='bbox 1590 1229 1797 1269; x_wconf 83' lang='lat' dir='ltr'><strong>emarginatis).</strong></span> 
     </span>
    </p>

    <p class='ocr_par' dir='ltr' id='par_1_10' title="bbox 407 1280 1983 1525">
     <span class='ocr_line' id='line_1_19' title="bbox 547 1280 1983 1320; baseline -0.001 -9"><span class='ocrx_word' id='word_1_187' title='bbox 547 1286 585 1311; x_wconf 90' lang='lat' dir='ltr'><strong>M.</strong></span> <span class='ocrx_word' id='word_1_188' title='bbox 601 1286 742 1319; x_wconf 75' lang='lat' dir='ltr'><strong>lzeplaclis</strong></span> <span class='ocrx_word' id='word_1_189' title='bbox 765 1282 892 1310; x_wconf 75' lang='lat' dir='ltr'><strong>Ebrenh.</strong></span> <span class='ocrx_word' id='word_1_190' title='bbox 914 1281 987 1309; x_wconf 85' lang='lat' dir='ltr'><strong>Abh.</strong></span> <span class='ocrx_word' id='word_1_191' title='bbox 1010 1281 1035 1309; x_wconf 91' lang='lat' dir='ltr'><strong>d.</strong></span> <span class='ocrx_word' id='word_1_192' title='bbox 1052 1282 1103 1310; x_wconf 85' lang='lat' dir='ltr'><strong>Ak.</strong></span> <span class='ocrx_word' id='word_1_193' title='bbox 1130 1287 1195 1309; x_wconf 74' lang='lat'><strong>1833</strong></span> <span class='ocrx_word' id='word_1_194' title='bbox 1219 1292 1246 1320; x_wconf 90' lang='lat' dir='ltr'><strong>p.</strong></span> <span class='ocrx_word' id='word_1_195' title='bbox 1263 1287 1328 1314; x_wconf 72' lang='grc' dir='ltr'><strong>30ος</strong></span> <span class='ocrx_word' id='word_1_196' title='bbox 1356 1281 1443 1308; x_wconf 79' lang='lat' dir='ltr'><strong>lusus.</strong></span> <span class='ocrx_word' id='word_1_197' title='bbox 1464 1291 1491 1319; x_wconf 91' lang='lat' dir='ltr'><strong>p.</strong></span> <span class='ocrx_word' id='word_1_198' title='bbox 1512 1284 1570 1309; x_wconf 79' lang='grc'><strong>156.</strong></span> <span class='ocrx_word' id='word_1_199' title='bbox 1589 1286 1609 1308; x_wconf 81' lang='lat' dir='ltr'><strong>t.</strong></span> <span class='ocrx_word' id='word_1_200' title='bbox 1623 1281 1673 1308; x_wconf 86' lang='lat' dir='ltr'><strong>Xl.</strong></span> <span class='ocrx_word' id='word_1_201' title='bbox 1695 1280 1710 1308; x_wconf 89' lang='lat' dir='ltr'><strong>f.</strong></span> <span class='ocrx_word' id='word_1_202' title='bbox 1728 1280 1776 1309; x_wconf 91' lang='lat' dir='ltr'><strong>IV.</strong></span> <span class='ocrx_word' id='word_1_203' title='bbox 1819 1280 1983 1319; x_wconf 83' lang='lat' dir='ltr'><strong>Specimina</strong></span> 
     </span>
     <span class='ocr_line' id='line_1_20' title="bbox 409 1331 1982 1372; baseline -0.003 -8"><span class='ocrx_word' id='word_1_204' title='bbox 409 1335 516 1365; x_wconf 80' lang='lat' dir='ltr'><strong>cellulis</strong></span> <span class='ocrx_word' id='word_1_205' title='bbox 533 1340 616 1368; x_wconf 77' lang='grc'>1-1-’1</span> <span class='ocrx_word' id='word_1_206' title='bbox 635 1335 716 1371; x_wconf 84' lang='lat' dir='ltr'><strong>hujus</strong></span> <span class='ocrx_word' id='word_1_207' title='bbox 738 1333 843 1372; x_wconf 87' lang='lat' dir='ltr'><strong>speciei</strong></span> <span class='ocrx_word' id='word_1_208' title='bbox 864 1339 892 1361; x_wconf 85' lang='lat' dir='ltr'><strong>et</strong></span> <span class='ocrx_word' id='word_1_209' title='bbox 911 1333 973 1361; x_wconf 83' lang='lat' dir='ltr'><strong>siue</strong></span> <span class='ocrx_word' id='word_1_210' title='bbox 994 1332 1081 1361; x_wconf 89' lang='lat' dir='ltr'><strong>dubio</strong></span> <span class='ocrx_word' id='word_1_211' title='bbox 1098 1333 1128 1360; x_wconf 88' lang='lat' dir='ltr'><strong>P.</strong></span> <span class='ocrx_word' id='word_1_212' title='bbox 1145 1332 1337 1371; x_wconf 84' lang='lat' dir='ltr'><strong>Ehrenbergii</strong></span> <span class='ocrx_word' id='word_1_213' title='bbox 1359 1331 1557 1370; x_wconf 69' lang='lat' dir='ltr'><strong>amplectitur,</strong></span> <span class='ocrx_word' id='word_1_214' title='bbox 1582 1331 1631 1360; x_wconf 88' lang='lat' dir='ltr'><strong>sed</strong></span> <span class='ocrx_word' id='word_1_215' title='bbox 1652 1331 1760 1371; x_wconf 81' lang='lat' dir='ltr'><strong>figurae</strong></span> <span class='ocrx_word' id='word_1_216' title='bbox 1780 1341 1880 1360; x_wconf 89' lang='lat' dir='ltr'><strong>omnes</strong></span> <span class='ocrx_word' id='word_1_217' title='bbox 1897 1331 1931 1360; x_wconf 91' lang='lat' dir='ltr'><strong>ad</strong></span> <span class='ocrx_word' id='word_1_218' title='bbox 1950 1332 1982 1360; x_wconf 89' lang='lat' dir='ltr'><strong>P.</strong></span> 
     </span>
     <span class='ocr_line' id='line_1_21' title="bbox 407 1372 1981 1425; baseline -0.003 -10"><span class='ocrx_word' id='word_1_219' title='bbox 407 1386 512 1417; x_wconf 82' lang='lat' dir='ltr'><strong>Rotula</strong></span> <span class='ocrx_word' id='word_1_220' title='bbox 529 1385 683 1425; x_wconf 75' lang='lat' dir='ltr'><strong>pertinent.</strong></span> <span class='ocrx_word' id='word_1_221' title='bbox 724 1385 846 1423; x_wconf 79' lang='lat' dir='ltr'><strong>Figurae</strong></span> <span class='ocrx_word' id='word_1_222' title='bbox 862 1384 890 1418; x_wconf 80' lang='lat' dir='ltr'><strong>b,</strong></span> <span class='ocrx_word' id='word_1_223' title='bbox 914 1394 928 1411; x_wconf 94' lang='lat' dir='ltr'><strong>c</strong></span> <span class='ocrx_word' id='word_1_224' title='bbox 949 1389 977 1411; x_wconf 83' lang='lat' dir='ltr'><strong>et</strong></span> <span class='ocrx_word' id='word_1_225' title='bbox 998 1384 1013 1411; x_wconf 94' lang='lat' dir='ltr'><strong>d</strong></span> <span class='ocrx_word' id='word_1_226' title='bbox 1034 1384 1198 1411; x_wconf 83' lang='lat' dir='ltr'><strong>varietatem</strong></span> <span class='ocrx_word' id='word_1_227' title='bbox 1214 1373 1252 1413; x_wconf 62' lang='grc' dir='ltr'><strong>Β.</strong></span> <span class='ocrx_word' id='word_1_228' title='bbox 1269 1388 1500 1421; x_wconf 82' lang='lat' dir='ltr'><strong>repraesentant;</strong></span> <span class='ocrx_word' id='word_1_229' title='bbox 1526 1382 1573 1422; x_wconf 85' lang='lat' dir='ltr'><strong>fig.</strong></span> <span class='ocrx_word' id='word_1_230' title='bbox 1590 1393 1602 1410; x_wconf 89' lang='lat' dir='ltr'><strong>a</strong></span> <span class='ocrx_word' id='word_1_231' title='bbox 1625 1382 1744 1410; x_wconf 81' lang='lat' dir='ltr'><strong>sormam</strong></span> <span class='ocrx_word' id='word_1_232' title='bbox 1767 1383 1843 1410; x_wconf 83' lang='lat' dir='ltr'><strong>inter</strong></span> <span class='ocrx_word' id='word_1_233' title='bbox 1864 1392 1884 1411; x_wconf 82' lang='grc' dir='ltr'>α</span> <span class='ocrx_word' id='word_1_234' title='bbox 1906 1388 1935 1411; x_wconf 85' lang='lat' dir='ltr'><strong>et</strong></span> <span class='ocrx_word' id='word_1_235' title='bbox 1951 1372 1981 1416; x_wconf 66' lang='lat' dir='ltr'><strong>,G</strong></span> 
     </span>
     <span class='ocr_line' id='line_1_22' title="bbox 408 1433 1982 1475; baseline -0.003 -8"><span class='ocrx_word' id='word_1_236' title='bbox 408 1439 539 1472; x_wconf 85' lang='lat' dir='ltr'><strong>mediam,</strong></span> <span class='ocrx_word' id='word_1_237' title='bbox 560 1442 673 1475; x_wconf 78' lang='lat' dir='ltr'><strong>praeter</strong></span> <span class='ocrx_word' id='word_1_238' title='bbox 689 1446 837 1463; x_wconf 84' lang='lat' dir='ltr'><strong>numerum</strong></span> <span class='ocrx_word' id='word_1_239' title='bbox 854 1434 1018 1463; x_wconf 76' lang='lat' dir='ltr'>cellularum</span> <span class='ocrx_word' id='word_1_240' title='bbox 1036 1446 1098 1462; x_wconf 84' lang='lat' dir='ltr'><strong>cum</strong></span> <span class='ocrx_word' id='word_1_241' title='bbox 1115 1434 1204 1473; x_wconf 77' lang='lat' dir='ltr'><strong>figura</strong></span> <span class='ocrx_word' id='word_1_242' title='bbox 1221 1434 1284 1468; x_wconf 83' lang='lat' dir='ltr'>Vll,</span> <span class='ocrx_word' id='word_1_243' title='bbox 1300 1444 1314 1461; x_wconf 91' lang='lat' dir='ltr'><strong>c</strong></span> <span class='ocrx_word' id='word_1_244' title='bbox 1329 1433 1567 1466; x_wconf 76' lang='lat' dir='ltr'><strong>couvenientem3</strong></span> <span class='ocrx_word' id='word_1_245' title='bbox 1595 1439 1737 1461; x_wconf 82' lang='lat' dir='ltr'><strong>caeterum</strong></span> <span class='ocrx_word' id='word_1_246' title='bbox 1754 1433 1861 1472; x_wconf 82' lang='lat' dir='ltr'><strong>figurae</strong></span> <span class='ocrx_word' id='word_1_247' title='bbox 1875 1433 1903 1468; x_wconf 90' lang='lat' dir='ltr'><strong>b,</strong></span> <span class='ocrx_word' id='word_1_248' title='bbox 1921 1444 1946 1469; x_wconf 81' lang='lat' dir='ltr'><strong>c,</strong></span> <span class='ocrx_word' id='word_1_249' title='bbox 1965 1434 1982 1462; x_wconf 93' lang='lat' dir='ltr'><strong>d</strong></span> 
     </span>
     <span class='ocr_line' id='line_1_23' title="bbox 409 1483 1913 1525; baseline -0.003 -7"><span class='ocrx_word' id='word_1_250' title='bbox 409 1489 509 1520; x_wconf 84' lang='lat' dir='ltr'><strong>cellula</strong></span> <span class='ocrx_word' id='word_1_251' title='bbox 524 1487 642 1517; x_wconf 74' lang='lat' dir='ltr'><strong>centrali</strong></span> <span class='ocrx_word' id='word_1_252' title='bbox 658 1487 779 1525; x_wconf 75' lang='lat' dir='ltr'><strong>integra,</strong></span> <span class='ocrx_word' id='word_1_253' title='bbox 799 1486 815 1514; x_wconf 80' lang='lat' dir='ltr'><strong>s.</strong></span> <span class='ocrx_word' id='word_1_254' title='bbox 833 1497 846 1514; x_wconf 85' lang='lat' dir='ltr'><strong>a</strong></span> <span class='ocrx_word' id='word_1_255' title='bbox 866 1485 975 1514; x_wconf 82' lang='lat' dir='ltr'><strong>cellulis</strong></span> <span class='ocrx_word' id='word_1_256' title='bbox 992 1485 1019 1513; x_wconf 88' lang='lat' dir='ltr'><strong>in</strong></span> <span class='ocrx_word' id='word_1_257' title='bbox 1036 1485 1130 1513; x_wconf 84' lang='lat' dir='ltr'><strong>medio</strong></span> <span class='ocrx_word' id='word_1_258' title='bbox 1147 1485 1220 1513; x_wconf 84' lang='lat' dir='ltr'><strong>binis</strong></span> <span class='ocrx_word' id='word_1_259' title='bbox 1237 1484 1301 1513; x_wconf 88' lang='lat' dir='ltr'><strong>loco</strong></span> <span class='ocrx_word' id='word_1_260' title='bbox 1317 1484 1417 1512; x_wconf 76' lang='lat' dir='ltr'><strong>unicae</strong></span> <span class='ocrx_word' id='word_1_261' title='bbox 1433 1483 1545 1512; x_wconf 83' lang='lat' dir='ltr'><strong>bilobae</strong></span> <span class='ocrx_word' id='word_1_262' title='bbox 1560 1494 1574 1512; x_wconf 85' lang='lat' dir='ltr'><strong>a</strong></span> <span class='ocrx_word' id='word_1_263' title='bbox 1589 1483 1751 1512; x_wconf 76' lang='lat' dir='ltr'>charactere</span> <span class='ocrx_word' id='word_1_264' title='bbox 1766 1484 1913 1513; x_wconf 84' lang='lat' dir='ltr'><strong>recedunt.</strong></span> 
     </span>
    </p>

    <p class='ocr_par' dir='ltr' id='par_1_11' title="bbox 409 1535 1982 1725">
     <span class='ocr_line' id='line_1_24' title="bbox 546 1535 1982 1575; baseline -0.001 -9"><span class='ocrx_word' id='word_1_265' title='bbox 546 1542 730 1566; x_wconf 73' lang='lat' dir='ltr'><strong>Pediaslrum</strong></span> <span class='ocrx_word' id='word_1_266' title='bbox 758 1541 934 1565; x_wconf 71' lang='lat' dir='ltr'><strong>bimdiamm</strong></span> <span class='ocrx_word' id='word_1_267' title='bbox 961 1536 1095 1575; x_wconf 78' lang='lat' dir='ltr'><strong>Menegh.</strong></span> <span class='ocrx_word' id='word_1_268' title='bbox 1120 1535 1190 1574; x_wconf 82' lang='lat' dir='ltr'><strong>Syn.</strong></span> <span class='ocrx_word' id='word_1_269' title='bbox 1212 1535 1308 1563; x_wconf 83' lang='lat' dir='ltr'><strong>Desm.</strong></span> <span class='ocrx_word' id='word_1_270' title='bbox 1332 1536 1359 1563; x_wconf 89' lang='lat' dir='ltr'><strong>in</strong></span> <span class='ocrx_word' id='word_1_271' title='bbox 1381 1535 1464 1562; x_wconf 91' lang='lat' dir='ltr'><strong>Linn.</strong></span> <span class='ocrx_word' id='word_1_272' title='bbox 1479 1535 1547 1562; x_wconf 84' lang='lat' dir='ltr'><strong>XlV</strong></span> <span class='ocrx_word' id='word_1_273' title='bbox 1570 1536 1669 1570; x_wconf 54' lang='lat'><strong>(1840)</strong></span> <span class='ocrx_word' id='word_1_274' title='bbox 1693 1546 1718 1573; x_wconf 89' lang='lat' dir='ltr'><strong>p.</strong></span> <span class='ocrx_word' id='word_1_275' title='bbox 1735 1540 1782 1562; x_wconf 83' lang='grc'><strong>211</strong></span> <span class='ocrx_word' id='word_1_276' title='bbox 1812 1535 1982 1573; x_wconf 84' lang='lat' dir='ltr'><strong>(specimina</strong></span> 
     </span>
     <span class='ocr_line' id='line_1_25' title="bbox 409 1585 1982 1627; baseline -0.005 -5"><span class='ocrx_word' id='word_1_277' title='bbox 409 1591 516 1622; x_wconf 89' lang='lat' dir='ltr'><strong>cellulis</strong></span> <span class='ocrx_word' id='word_1_278' title='bbox 537 1597 577 1624; x_wconf 68' lang='lat' dir='ltr'><strong>io,</strong></span> <span class='ocrx_word' id='word_1_279' title='bbox 597 1590 623 1617; x_wconf 94' lang='lat' dir='ltr'><strong>in</strong></span> <span class='ocrx_word' id='word_1_280' title='bbox 641 1589 771 1627; x_wconf 76' lang='lat' dir='ltr'><strong>diagnosi</strong></span> <span class='ocrx_word' id='word_1_281' title='bbox 789 1588 854 1616; x_wconf 78' lang='lat' dir='ltr'><strong>salse</strong></span> <span class='ocrx_word' id='word_1_282' title='bbox 874 1591 935 1624; x_wconf 79' lang='lat'><strong>17);</strong></span> <span class='ocrx_word' id='word_1_283' title='bbox 956 1586 1052 1615; x_wconf 75' lang='lat' dir='ltr'><strong>Corda</strong></span> <span class='ocrx_word' id='word_1_284' title='bbox 1071 1586 1146 1614; x_wconf 81' lang='lat' dir='ltr'><strong>Alm.</strong></span> <span class='ocrx_word' id='word_1_285' title='bbox 1163 1587 1197 1614; x_wconf 88' lang='lat' dir='ltr'><strong>de</strong></span> <span class='ocrx_word' id='word_1_286' title='bbox 1214 1585 1324 1614; x_wconf 75' lang='lat' dir='ltr'><strong>Carlsb.</strong></span> <span class='ocrx_word' id='word_1_287' title='bbox 1344 1591 1410 1617; x_wconf 65' lang='lat'><strong>1839</strong></span> <span class='ocrx_word' id='word_1_288' title='bbox 1429 1597 1454 1624; x_wconf 90' lang='lat' dir='ltr'><strong>p.</strong></span> <span class='ocrx_word' id='word_1_289' title='bbox 1470 1590 1532 1616; x_wconf 72' lang='lat'><strong>259.</strong></span> <span class='ocrx_word' id='word_1_290' title='bbox 1548 1590 1568 1612; x_wconf 84' lang='lat' dir='ltr'><strong>t.</strong></span> <span class='ocrx_word' id='word_1_291' title='bbox 1583 1586 1636 1613; x_wconf 83' lang='lat' dir='ltr'><strong>IV.</strong></span> <span class='ocrx_word' id='word_1_292' title='bbox 1658 1585 1675 1613; x_wconf 88' lang='lat' dir='ltr'><strong>f.</strong></span> <span class='ocrx_word' id='word_1_293' title='bbox 1692 1591 1719 1613; x_wconf 77' lang='lat'><strong>2¹</strong></span> <span class='ocrx_word' id='word_1_294' title='bbox 1740 1588 1811 1621; x_wconf 82' lang='lat' dir='ltr'><strong>(var.</strong></span> <span class='ocrx_word' id='word_1_295' title='bbox 1828 1595 1856 1613; x_wconf 84' lang='grc' dir='ltr'><strong>α.</strong></span> <span class='ocrx_word' id='word_1_296' title='bbox 1873 1585 1982 1615; x_wconf 88' lang='lat' dir='ltr'><strong>cellulis</strong></span> 
     </span>
     <span class='ocr_line' id='line_1_26' title="bbox 410 1636 1981 1679; baseline -0.004 -8"><span class='ocrx_word' id='word_1_297' title='bbox 410 1649 423 1674; x_wconf 80' lang='lat'>7</span> <span class='ocrx_word' id='word_1_298' title='bbox 441 1644 470 1672; x_wconf 88' lang='lat' dir='ltr'><strong>in</strong></span> <span class='ocrx_word' id='word_1_299' title='bbox 486 1641 594 1671; x_wconf 81' lang='lat' dir='ltr'><strong>circulo</strong></span> <span class='ocrx_word' id='word_1_300' title='bbox 610 1640 731 1679; x_wconf 79' lang='lat' dir='ltr'><strong>simplici</strong></span> <span class='ocrx_word' id='word_1_301' title='bbox 747 1640 907 1678; x_wconf 77' lang='lat' dir='ltr'><strong>dispositis,</strong></span> <span class='ocrx_word' id='word_1_302' title='bbox 933 1638 1053 1667; x_wconf 81' lang='lat' dir='ltr'><strong>centrali</strong></span> <span class='ocrx_word' id='word_1_303' title='bbox 1073 1638 1134 1666; x_wconf 85' lang='lat' dir='ltr'><strong>sine</strong></span> <span class='ocrx_word' id='word_1_304' title='bbox 1154 1637 1241 1666; x_wconf 90' lang='lat' dir='ltr'><strong>dubio</strong></span> <span class='ocrx_word' id='word_1_305' title='bbox 1261 1637 1418 1673; x_wconf 81' lang='lat' dir='ltr'><strong>destructa)</strong></span> <span class='ocrx_word' id='word_1_306' title='bbox 1434 1642 1463 1664; x_wconf 86' lang='lat' dir='ltr'><strong>et</strong></span> <span class='ocrx_word' id='word_1_307' title='bbox 1477 1641 1510 1664; x_wconf 79' lang='lat'><strong>20</strong></span> <span class='ocrx_word' id='word_1_308' title='bbox 1533 1636 1646 1673; x_wconf 80' lang='lat' dir='ltr'><strong>(eadem</strong></span> <span class='ocrx_word' id='word_1_309' title='bbox 1669 1636 1788 1665; x_wconf 84' lang='lat' dir='ltr'><strong>varietas</strong></span> <span class='ocrx_word' id='word_1_310' title='bbox 1812 1636 1981 1665; x_wconf 85' lang='lat' dir='ltr'><strong>cellulorum</strong></span> 
     </span>
     <span class='ocr_line' id='line_1_27' title="bbox 409 1691 932 1725; baseline -0.011 -1"><span class='ocrx_word' id='word_1_311' title='bbox 409 1705 529 1723; x_wconf 88' lang='lat' dir='ltr'><strong>numero</strong></span> <span class='ocrx_word' id='word_1_312' title='bbox 546 1694 639 1721; x_wconf 81' lang='lat' dir='ltr'><strong>forsan</strong></span> <span class='ocrx_word' id='word_1_313' title='bbox 657 1702 780 1719; x_wconf 83' lang='lat' dir='ltr'><strong>erroneo</strong></span> <span class='ocrx_word' id='word_1_314' title='bbox 799 1697 810 1719; x_wconf 87' lang='grc'><strong>.“</strong></span> <span class='ocrx_word' id='word_1_315' title='bbox 822 1697 861 1722; x_wconf 74' lang='lat'><strong>4-</strong></span> <span class='ocrx_word' id='word_1_316' title='bbox 878 1691 932 1725; x_wconf 55' lang='lat' dir='ltr'><strong>lfa).</strong></span> 
     </span>
    </p>

    <p class='ocr_par' dir='ltr' id='par_1_12' title="bbox 408 1737 1981 1831">
     <span class='ocr_line' id='line_1_28' title="bbox 547 1737 1981 1781; baseline -0.003 -9"><span class='ocrx_word' id='word_1_317' title='bbox 547 1747 579 1772; x_wconf 90' lang='lat' dir='ltr'><strong>P.</strong></span> <span class='ocrx_word' id='word_1_318' title='bbox 600 1747 772 1777; x_wconf 75' lang='lat' dir='ltr'><strong>angulosum</strong></span> <span class='ocrx_word' id='word_1_319' title='bbox 793 1741 926 1781; x_wconf 81' lang='lat' dir='ltr'><strong>Menegh.</strong></span> <span class='ocrx_word' id='word_1_320' title='bbox 950 1740 987 1768; x_wconf 87' lang='lat' dir='ltr'><strong>ib.</strong></span> <span class='ocrx_word' id='word_1_321' title='bbox 1009 1740 1102 1778; x_wconf 87' lang='lat' dir='ltr'><strong>quoad</strong></span> <span class='ocrx_word' id='word_1_322' title='bbox 1123 1738 1346 1778; x_wconf 75' lang='lat' dir='ltr'><strong>descriptionem</strong></span> <span class='ocrx_word' id='word_1_323' title='bbox 1374 1738 1538 1767; x_wconf 82' lang='lat' dir='ltr'>cellularum</span> <span class='ocrx_word' id='word_1_324' title='bbox 1564 1737 1711 1766; x_wconf 86' lang='lat' dir='ltr'><strong>radialium</strong></span> <span class='ocrx_word' id='word_1_325' title='bbox 1739 1738 1909 1778; x_wconf 82' lang='lat' dir='ltr'><strong>(descriptio</strong></span> <span class='ocrx_word' id='word_1_326' title='bbox 1925 1739 1981 1768; x_wconf 88' lang='lat' dir='ltr'><strong>cel-</strong></span> 
     </span>
     <span class='ocr_line' id='line_1_29' title="bbox 408 1792 1174 1831; baseline -0.01 -5"><span class='ocrx_word' id='word_1_327' title='bbox 408 1797 528 1825; x_wconf 85' lang='lat' dir='ltr'><strong>lularum</strong></span> <span class='ocrx_word' id='word_1_328' title='bbox 544 1794 612 1823; x_wconf 87' lang='lat' dir='ltr'><strong>disci</strong></span> <span class='ocrx_word' id='word_1_329' title='bbox 629 1805 642 1822; x_wconf 89' lang='lat' dir='ltr'><strong>a</strong></span> <span class='ocrx_word' id='word_1_330' title='bbox 658 1794 688 1821; x_wconf 93' lang='lat' dir='ltr'><strong>P.</strong></span> <span class='ocrx_word' id='word_1_331' title='bbox 705 1793 845 1831; x_wconf 71' lang='lat' dir='ltr'><strong>anguloso</strong></span> <span class='ocrx_word' id='word_1_332' title='bbox 862 1802 930 1820; x_wconf 81' lang='lat' dir='ltr'><strong>vero</strong></span> <span class='ocrx_word' id='word_1_333' title='bbox 946 1792 1092 1830; x_wconf 78' lang='lat' dir='ltr'><strong>desumpta</strong></span> <span class='ocrx_word' id='word_1_334' title='bbox 1108 1792 1174 1826; x_wconf 73' lang='lat' dir='ltr'><strong>est).</strong></span> 
     </span>
    </p>

    <p class='ocr_par' dir='ltr' id='par_1_13' title="bbox 408 1839 1980 1937">
     <span class='ocr_line' id='line_1_30' title="bbox 546 1839 1980 1883; baseline -0.001 -11"><span class='ocrx_word' id='word_1_335' title='bbox 546 1849 579 1874; x_wconf 84' lang='grc' dir='ltr'><strong>Ρ,</strong></span> <span class='ocrx_word' id='word_1_336' title='bbox 594 1849 735 1880; x_wconf 66' lang='lat' dir='ltr'><strong>bestiariis</strong></span> <span class='ocrx_word' id='word_1_337' title='bbox 753 1844 885 1883; x_wconf 78' lang='lat' dir='ltr'><strong>Menrgh.</strong></span> <span class='ocrx_word' id='word_1_338' title='bbox 902 1843 938 1871; x_wconf 88' lang='lat' dir='ltr'><strong>ib.</strong></span> <span class='ocrx_word' id='word_1_339' title='bbox 955 1853 987 1871; x_wconf 83' lang='lat' dir='ltr'><strong>ex</strong></span> <span class='ocrx_word' id='word_1_340' title='bbox 1004 1853 1030 1881; x_wconf 90' lang='lat' dir='ltr'><strong>p.</strong></span> <span class='ocrx_word' id='word_1_341' title='bbox 1045 1842 1216 1881; x_wconf 85' lang='lat' dir='ltr'><strong>(specimina</strong></span> <span class='ocrx_word' id='word_1_342' title='bbox 1231 1840 1339 1870; x_wconf 84' lang='lat' dir='ltr'><strong>cellulis</strong></span> <span class='ocrx_word' id='word_1_343' title='bbox 1358 1841 1475 1877; x_wconf 76' lang='grc' dir='ltr'>1-Ι-ῖ);</span> <span class='ocrx_word' id='word_1_344' title='bbox 1496 1839 1605 1869; x_wconf 79' lang='lat' dir='ltr'><strong>Hassall</strong></span> <span class='ocrx_word' id='word_1_345' title='bbox 1620 1840 1668 1868; x_wconf 69' lang='grc' dir='ltr'><strong>ΒΓ.</strong></span> <span class='ocrx_word' id='word_1_346' title='bbox 1685 1839 1719 1869; x_wconf 88' lang='lat' dir='ltr'><strong>fr.</strong></span> <span class='ocrx_word' id='word_1_347' title='bbox 1732 1846 1798 1869; x_wconf 81' lang='lat' dir='ltr'><strong>wat.</strong></span> <span class='ocrx_word' id='word_1_348' title='bbox 1814 1839 1880 1880; x_wconf 88' lang='lat' dir='ltr'><strong>Alg.</strong></span> <span class='ocrx_word' id='word_1_349' title='bbox 1899 1846 1919 1869; x_wconf 87' lang='lat' dir='ltr'><strong>t.</strong></span> <span class='ocrx_word' id='word_1_350' title='bbox 1935 1846 1980 1872; x_wconf 78' lang='lat'><strong>92.</strong></span> 
     </span>
     <span class='ocr_line' id='line_1_31' title="bbox 408 1895 1007 1937; baseline -0.01 -10"><span class='ocrx_word' id='word_1_351' title='bbox 408 1899 426 1927; x_wconf 83' lang='lat' dir='ltr'><strong>f.</strong></span> <span class='ocrx_word' id='word_1_352' title='bbox 442 1905 459 1931; x_wconf 87' lang='lat'><strong>9</strong></span> <span class='ocrx_word' id='word_1_353' title='bbox 473 1896 623 1937; x_wconf 80' lang='lat' dir='ltr'><strong>(repetitio</strong></span> <span class='ocrx_word' id='word_1_354' title='bbox 641 1896 746 1935; x_wconf 76' lang='lat' dir='ltr'><strong>figurae</strong></span> <span class='ocrx_word' id='word_1_355' title='bbox 764 1895 888 1923; x_wconf 73' lang='lat' dir='ltr'><strong>Ehrenb.</strong></span> <span class='ocrx_word' id='word_1_356' title='bbox 903 1895 952 1927; x_wconf 77' lang='lat' dir='ltr'><strong>1V,</strong></span> <span class='ocrx_word' id='word_1_357' title='bbox 968 1896 1007 1930; x_wconf 82' lang='lat' dir='ltr'><strong>a).</strong></span> 
     </span>
    </p>

    <p class='ocr_par' dir='ltr' id='par_1_14' title="bbox 547 1942 1638 1982">
     <span class='ocr_line' id='line_1_32' title="bbox 547 1942 1638 1982; baseline -0.004 -8"><span class='ocrx_word' id='word_1_358' title='bbox 547 1951 581 1976; x_wconf 89' lang='lat' dir='ltr'><strong>P.</strong></span> <span class='ocrx_word' id='word_1_359' title='bbox 596 1951 716 1974; x_wconf 73' lang='lat' dir='ltr'><strong>inrt&#39;sum</strong></span> <span class='ocrx_word' id='word_1_360' title='bbox 733 1946 841 1974; x_wconf 75' lang='lat' dir='ltr'><strong>Ilnssall</strong></span> <span class='ocrx_word' id='word_1_361' title='bbox 859 1946 875 1973; x_wconf 93' lang='grc' dir='ltr'><strong>Ι.</strong></span> <span class='ocrx_word' id='word_1_362' title='bbox 893 1957 916 1974; x_wconf 89' lang='lat' dir='ltr'><strong>c.</strong></span> <span class='ocrx_word' id='word_1_363' title='bbox 932 1951 951 1973; x_wconf 84' lang='lat' dir='ltr'><strong>t.</strong></span> <span class='ocrx_word' id='word_1_364' title='bbox 965 1950 1009 1976; x_wconf 72' lang='lat'><strong>92.</strong></span> <span class='ocrx_word' id='word_1_365' title='bbox 1025 1944 1042 1972; x_wconf 85' lang='lat' dir='ltr'><strong>s.</strong></span> <span class='ocrx_word' id='word_1_366' title='bbox 1060 1950 1073 1972; x_wconf 91' lang='lat' dir='ltr'>S</span> <span class='ocrx_word' id='word_1_367' title='bbox 1089 1943 1239 1981; x_wconf 82' lang='lat' dir='ltr'><strong>(repetitio</strong></span> <span class='ocrx_word' id='word_1_368' title='bbox 1254 1943 1362 1982; x_wconf 83' lang='lat' dir='ltr'><strong>figurae</strong></span> <span class='ocrx_word' id='word_1_369' title='bbox 1377 1942 1503 1971; x_wconf 82' lang='lat' dir='ltr'><strong>Ehrenb.</strong></span> <span class='ocrx_word' id='word_1_370' title='bbox 1518 1942 1584 1977; x_wconf 85' lang='lat' dir='ltr'>VII,</span> <span class='ocrx_word' id='word_1_371' title='bbox 1599 1942 1638 1977; x_wconf 89' lang='lat' dir='ltr'><strong>c).</strong></span> 
     </span>
    </p>

    <p class='ocr_par' dir='ltr' id='par_1_15' title="bbox 547 1992 1887 2035">
     <span class='ocr_line' id='line_1_33' title="bbox 547 1992 1887 2035; baseline -0.004 -8"><span class='ocrx_word' id='word_1_372' title='bbox 547 2002 581 2027; x_wconf 86' lang='grc' dir='ltr'><strong>Ρ.</strong></span> <span class='ocrx_word' id='word_1_373' title='bbox 597 2002 750 2026; x_wconf 65' lang='lat' dir='ltr'><strong>larandon</strong></span> <span class='ocrx_word' id='word_1_374' title='bbox 767 1996 862 2025; x_wconf 68' lang='lat' dir='ltr'><strong>Corda</strong></span> <span class='ocrx_word' id='word_1_375' title='bbox 879 1996 895 2024; x_wconf 89' lang='lat' dir='ltr'><strong>l.</strong></span> <span class='ocrx_word' id='word_1_376' title='bbox 912 2007 935 2024; x_wconf 90' lang='lat' dir='ltr'><strong>c.</strong></span> <span class='ocrx_word' id='word_1_377' title='bbox 953 2007 979 2035; x_wconf 91' lang='lat' dir='ltr'><strong>p.</strong></span> <span class='ocrx_word' id='word_1_378' title='bbox 995 2000 1009 2023; x_wconf 84' lang='lat'>2</span> <span class='ocrx_word' id='word_1_379' title='bbox 1021 2002 1047 2027; x_wconf 53' lang='grc' dir='ltr'><strong>εξ)</strong></span> <span class='ocrx_word' id='word_1_380' title='bbox 1063 1995 1109 2031; x_wconf 70' lang='lat' dir='ltr'><strong>(ad</strong></span> <span class='ocrx_word' id='word_1_381' title='bbox 1126 1995 1229 2034; x_wconf 72' lang='lat' dir='ltr'><strong>figuras</strong></span> <span class='ocrx_word' id='word_1_382' title='bbox 1246 1993 1440 2033; x_wconf 79' lang='lat' dir='ltr'><strong>Ehreubergii</strong></span> <span class='ocrx_word' id='word_1_383' title='bbox 1457 1994 1520 2027; x_wconf 83' lang='lat' dir='ltr'><strong>Vll,</strong></span> <span class='ocrx_word' id='word_1_384' title='bbox 1535 2004 1560 2028; x_wconf 75' lang='lat' dir='ltr'><strong>a,</strong></span> <span class='ocrx_word' id='word_1_385' title='bbox 1576 1993 1592 2020; x_wconf 92' lang='lat' dir='ltr'>b</span> <span class='ocrx_word' id='word_1_386' title='bbox 1609 1999 1636 2021; x_wconf 90' lang='lat' dir='ltr'><strong>et</strong></span> <span class='ocrx_word' id='word_1_387' title='bbox 1650 1992 1666 2021; x_wconf 90' lang='lat' dir='ltr'><strong>d</strong></span> <span class='ocrx_word' id='word_1_388' title='bbox 1681 1993 1887 2031; x_wconf 85' lang='lat' dir='ltr'><strong>propositum).</strong></span> 
     </span>
    </p>

    <p class='ocr_par' dir='ltr' id='par_1_16' title="bbox 549 2044 1954 2087">
     <span class='ocr_line' id='line_1_34' title="bbox 549 2044 1954 2087; baseline -0.002 -10"><span class='ocrx_word' id='word_1_389' title='bbox 549 2053 580 2078; x_wconf 90' lang='lat' dir='ltr'><strong>P.</strong></span> <span class='ocrx_word' id='word_1_390' title='bbox 598 2053 705 2077; x_wconf 78' lang='lat' dir='ltr'><strong>Rnlula</strong></span> <span class='ocrx_word' id='word_1_391' title='bbox 722 2049 795 2076; x_wconf 73' lang='lat' dir='ltr'><strong>Kiilz</strong></span> <span class='ocrx_word' id='word_1_392' title='bbox 823 2048 908 2087; x_wconf 79' lang='lat' dir='ltr'><strong>Phyc.</strong></span> <span class='ocrx_word' id='word_1_393' title='bbox 926 2058 1015 2086; x_wconf 56' lang='lat' dir='ltr'><strong>germ,</strong></span> <span class='ocrx_word' id='word_1_394' title='bbox 1033 2046 1133 2083; x_wconf 51' lang='lat'><strong>(1³43)</strong></span> <span class='ocrx_word' id='word_1_395' title='bbox 1151 2057 1175 2083; x_wconf 92' lang='lat' dir='ltr'><strong>p.</strong></span> <span class='ocrx_word' id='word_1_396' title='bbox 1194 2045 1223 2073; x_wconf 67' lang='lat' dir='ltr'><strong>lli</strong></span> <span class='ocrx_word' id='word_1_397' title='bbox 1236 2053 1251 2073; x_wconf 85' lang='grc'><strong>;.</strong></span> <span class='ocrx_word' id='word_1_398' title='bbox 1269 2056 1298 2073; x_wconf 83' lang='lat' dir='ltr'><strong>ex</strong></span> <span class='ocrx_word' id='word_1_399' title='bbox 1316 2056 1342 2084; x_wconf 89' lang='lat' dir='ltr'><strong>p.</strong></span> <span class='ocrx_word' id='word_1_400' title='bbox 1359 2044 1551 2080; x_wconf 82' lang='lat' dir='ltr'><strong>(excludendo</strong></span> <span class='ocrx_word' id='word_1_401' title='bbox 1567 2044 1676 2072; x_wconf 80' lang='lat' dir='ltr'><strong>scilicet</strong></span> <span class='ocrx_word' id='word_1_402' title='bbox 1691 2044 1722 2072; x_wconf 85' lang='lat' dir='ltr'><strong>P.</strong></span> <span class='ocrx_word' id='word_1_403' title='bbox 1738 2044 1954 2085; x_wconf 81' lang='lat' dir='ltr'><strong>Ehrenbergii).</strong></span> 
     </span>
    </p>

    <p class='ocr_par' dir='ltr' id='par_1_17' title="bbox 548 2089 1860 2136">
     <span class='ocr_line' id='line_1_35' title="bbox 548 2089 1860 2136; baseline -0.004 -8"><span class='ocrx_word' id='word_1_404' title='bbox 548 2104 582 2129; x_wconf 86' lang='lat' dir='ltr'><strong>P.</strong></span> <span class='ocrx_word' id='word_1_405' title='bbox 597 2104 773 2128; x_wconf 75' lang='lat' dir='ltr'><strong>biradiazum</strong></span> <span class='ocrx_word' id='word_1_406' title='bbox 788 2089 983 2134; x_wconf 62' lang='grc' dir='ltr'><strong>β.1ιι’ρ[αείι’,ς</strong></span> <span class='ocrx_word' id='word_1_407' title='bbox 999 2100 1047 2135; x_wconf 83' lang='lat' dir='ltr'><strong>(ex</strong></span> <span class='ocrx_word' id='word_1_408' title='bbox 1062 2099 1157 2136; x_wconf 72' lang='lat' dir='ltr'><strong>parte)</strong></span> <span class='ocrx_word' id='word_1_409' title='bbox 1174 2102 1201 2125; x_wconf 84' lang='lat' dir='ltr'><strong>et</strong></span> <span class='ocrx_word' id='word_1_410' title='bbox 1215 2106 1248 2133; x_wconf 78' lang='grc' dir='ltr'><strong>Ὺ.</strong></span> <span class='ocrx_word' id='word_1_411' title='bbox 1264 2099 1372 2124; x_wconf 68' lang='lat' dir='ltr'><strong>Rutula</strong></span> <span class='ocrx_word' id='word_1_412' title='bbox 1387 2096 1472 2124; x_wconf 74' lang='lat' dir='ltr'><strong>KiitZ.</strong></span> <span class='ocrx_word' id='word_1_413' title='bbox 1489 2095 1539 2135; x_wconf 85' lang='lat' dir='ltr'><strong>Sp.</strong></span> <span class='ocrx_word' id='word_1_414' title='bbox 1555 2095 1622 2136; x_wconf 81' lang='lat' dir='ltr'><strong>Alg.</strong></span> <span class='ocrx_word' id='word_1_415' title='bbox 1638 2096 1739 2133; x_wconf 55' lang='lat'><strong>(181&#39;459)</strong></span> <span class='ocrx_word' id='word_1_416' title='bbox 1756 2106 1783 2134; x_wconf 85' lang='lat' dir='ltr'><strong>p.</strong></span> <span class='ocrx_word' id='word_1_417' title='bbox 1804 2100 1860 2127; x_wconf 79' lang='lat'><strong>193.</strong></span> 
     </span>
    </p>
   </div>
   <div class='ocr_carea' id='block_1_6' title="bbox 412 2216 1979 2396">
    <p class='ocr_par' dir='ltr' id='par_1_18' title="bbox 412 2216 1979 2396">
     <span class='ocr_line' id='line_1_36' title="bbox 547 2216 1979 2268; baseline -0.003 -11"><span class='ocrx_word' id='word_1_418' title='bbox 547 2222 589 2258; x_wconf 93' lang='lat' dir='ltr'><strong>In</strong></span> <span class='ocrx_word' id='word_1_419' title='bbox 610 2221 802 2256; x_wconf 84' lang='lat' dir='ltr'><strong>Germania</strong></span> <span class='ocrx_word' id='word_1_420' title='bbox 824 2228 858 2255; x_wconf 77' lang='lat' dir='ltr'><strong>et</strong></span> <span class='ocrx_word' id='word_1_421' title='bbox 875 2219 1062 2254; x_wconf 83' lang='lat' dir='ltr'><strong>Bobemia.</strong></span> <span class='ocrx_word' id='word_1_422' title='bbox 1109 2218 1308 2268; x_wconf 82' lang='lat' dir='ltr'><strong>Postampii</strong></span> <span class='ocrx_word' id='word_1_423' title='bbox 1335 2219 1472 2267; x_wconf 87' lang='lat' dir='ltr'><strong>primus</strong></span> <span class='ocrx_word' id='word_1_424' title='bbox 1499 2218 1634 2252; x_wconf 86' lang='lat' dir='ltr'><strong>invenit</strong></span> <span class='ocrx_word' id='word_1_425' title='bbox 1652 2216 1834 2267; x_wconf 77' lang='lat' dir='ltr'><strong>Meyen,</strong></span> <span class='ocrx_word' id='word_1_426' title='bbox 1866 2217 1979 2253; x_wconf 88' lang='lat' dir='ltr'><strong>Bero-</strong></span> 
     </span>
     <span class='ocr_line' id='line_1_37' title="bbox 412 2280 1977 2334; baseline -0.004 -12"><span class='ocrx_word' id='word_1_427' title='bbox 412 2287 474 2322; x_wconf 85' lang='lat' dir='ltr'><strong>lini</strong></span> <span class='ocrx_word' id='word_1_428' title='bbox 490 2286 631 2322; x_wconf 90' lang='lat' dir='ltr'><strong>Ebren</strong></span> <span class='ocrx_word' id='word_1_429' title='bbox 645 2286 764 2334; x_wconf 79' lang='lat' dir='ltr'><strong>berg,</strong></span> <span class='ocrx_word' id='word_1_430' title='bbox 798 2283 976 2319; x_wconf 68' lang='lat' dir='ltr'><strong>Neodami</strong></span> <span class='ocrx_word' id='word_1_431' title='bbox 1001 2285 1091 2318; x_wconf 82' lang='lat' dir='ltr'><strong>intra</strong></span> <span class='ocrx_word' id='word_1_432' title='bbox 1116 2295 1264 2317; x_wconf 81' lang='lat' dir='ltr'><strong>massam</strong></span> <span class='ocrx_word' id='word_1_433' title='bbox 1290 2289 1508 2316; x_wconf 85' lang='lat' dir='ltr'><strong>crustaceam</strong></span> <span class='ocrx_word' id='word_1_434' title='bbox 1528 2293 1634 2328; x_wconf 82' lang='lat' dir='ltr'><strong>supra</strong></span> <span class='ocrx_word' id='word_1_435' title='bbox 1656 2280 1738 2325; x_wconf 87' lang='lat' dir='ltr'><strong>(sub</strong></span> <span class='ocrx_word' id='word_1_436' title='bbox 1757 2280 1798 2314; x_wconf 91' lang='lat' dir='ltr'><strong>P.</strong></span> <span class='ocrx_word' id='word_1_437' title='bbox 1815 2285 1977 2328; x_wconf 71' lang='lat' dir='ltr'><strong>pertuso)</strong></span> 
     </span>
     <span class='ocr_line' id='line_1_38' title="bbox 413 2344 1977 2396; baseline -0.003 -11"><span class='ocrx_word' id='word_1_438' title='bbox 413 2357 728 2385; x_wconf 77' lang='lat' dir='ltr'><strong>commemoratam</strong></span> <span class='ocrx_word' id='word_1_439' title='bbox 755 2346 1002 2396; x_wconf 77' lang='lat' dir='ltr'><strong>Itzigsohn,</strong></span> <span class='ocrx_word' id='word_1_440' title='bbox 1042 2346 1175 2396; x_wconf 81' lang='lat' dir='ltr'><strong>Pragae</strong></span> <span class='ocrx_word' id='word_1_441' title='bbox 1199 2353 1234 2381; x_wconf 86' lang='lat' dir='ltr'><strong>et</strong></span> <span class='ocrx_word' id='word_1_442' title='bbox 1252 2358 1284 2381; x_wconf 90' lang='lat' dir='ltr'><strong>c.</strong></span> <span class='ocrx_word' id='word_1_443' title='bbox 1315 2344 1471 2381; x_wconf 84' lang='lat' dir='ltr'><strong>Corda.</strong></span> <span class='ocrx_word' id='word_1_444' title='bbox 1520 2344 1667 2394; x_wconf 86' lang='lat' dir='ltr'><strong>Species</strong></span> <span class='ocrx_word' id='word_1_445' title='bbox 1695 2345 1891 2380; x_wconf 83' lang='lat' dir='ltr'><strong>rarioribus</strong></span> <span class='ocrx_word' id='word_1_446' title='bbox 1916 2344 1977 2380; x_wconf 89' lang='lat' dir='ltr'><strong>ad-</strong></span> 
     </span>
    </p>
   </div>
   <div class='ocr_carea' id='block_1_7' title="bbox 412 2411 900 2449">
    <p class='ocr_par' dir='ltr' id='par_1_19' title="bbox 412 2411 900 2449">
     <span class='ocr_line' id='line_1_39' title="bbox 412 2411 900 2449; baseline -0.008 0"><span class='ocrx_word' id='word_1_447' title='bbox 412 2412 632 2449; x_wconf 85' lang='lat' dir='ltr'><strong>numeranda</strong></span> <span class='ocrx_word' id='word_1_448' title='bbox 651 2425 726 2448; x_wconf 87' lang='lat' dir='ltr'><strong>esse</strong></span> <span class='ocrx_word' id='word_1_449' title='bbox 744 2411 900 2448; x_wconf 85' lang='lat' dir='ltr'><strong>videtur.</strong></span> 
     </span>
    </p>
   </div>
  </div>
 </body>
</html>
