2225 3020
992 169 1040 205 93

371 284 405 313 γ.
425 269 656 306 clathratum.
692 268 858 306 Cellulae
882 269 971 305 disci
994 270 1130 306 lacunis
1148 274 1349 322 permagnis
1368 274 1559 323 interrupti
1577 273 1793 323 profundius

234 333 270 368 bi
299 346 337 368 ar
353 335 435 369 itae.

271 346 296 383 P
339 340 352 369 t
369 392 403 418 Ρ.
417 393 522 425 duplex
537 388 642 428 Meyen
658 399 723 418 nov.
739 394 792 417 act.
808 394 864 417 nat.
879 400 936 418 cur.
951 390 1031 418 XIV.
1046 390 1084 418 II.
1100 391 1200 428 (1829)
1214 402 1241 430 p.
1252 395 1302 421 772
1317 392 1363 428 (ex
1378 392 1420 430 p.)
1437 398 1455 421 t.
1471 393 1515 421 l13.
1531 392 1590 422 f.1s
1606 399 1635 422 et
1647 393 1694 425 19!
1706 394 1792 434 (figu-

231 450 279 470 rae
294 442 328 470 16
341 445 370 469 et
385 444 415 470 17
432 439 550 468 formam
566 440 763 468 intermediam
778 439 853 468 inter
868 440 898 469 P.
910 446 1055 479 pertusum
1070 441 1187 481 vulgare
1203 447 1231 470 et
1245 442 1412 470 clathratum
1428 446 1658 482 repraesentant)
1671 457 1678 479 ;
1695 443 1792 473 Corda

231 491 308 520 Alm.
322 491 357 519 de
372 489 482 519 Carlsb.
498 491 568 527 (sec.
584 490 687 530 figuras
703 491 829 529 Meyenii
844 491 966 529 citatas).

365 543 401 570 P.
421 544 600 578 cribri-'forme
615 541 723 570 Hassall
737 542 786 570 ΒΓ.
802 541 836 570 fr.
850 554 887 571 w.
905 542 971 582 Alg.
986 553 1012 581 p.
1023 548 1084 574 292.
1099 547 1119 570 t.
1130 548 1172 574 92.
1189 541 1206 570 f.
1222 543 1237 571 lt
1253 543 1403 581 (repetitio
1418 544 1525 584 figurae
1540 546 1575 581 V,
1590 546 1608 574 d
1621 546 1652 574 P.
1664 546 1791 585 Boryani

228 592 355 622 Ehrenb.
369 591 436 628 Ins„
450 603 521 631 quae
536 592 655 620 sormam
668 592 867 621 intermediam
883 593 958 622 inter
971 593 1003 621 P.
1018 598 1164 632 pertusum
1179 593 1295 633 vulgare
1310 600 1338 622 et
1352 594 1518 624 clathratum
1534 598 1752 635 repraesentat).

364 645 398 671 P.
417 647 523 671 diodon
543 642 638 672 Corda
656 642 733 672 Alm.
750 643 784 672 de
799 643 910 672 Carlsb.
930 649 995 676 1839
1009 655 1036 683 p.
1053 649 1113 675 239.
1129 649 1148 672 t.
1164 644 1216 672 III.
1232 644 1250 672 f.
1270 651 1308 673 18.
1325 644 1429 682 (forma
1445 646 1574 675 iuvenilis
1589 647 1660 676 lobis
1676 647 1789 676 cellula-

227 705 290 723 rum
303 693 449 722 radialium
464 694 582 722 maxime
597 693 749 734 elongatis,
763 695 877 723 strictis.
906 695 939 723 In
962 694 1069 724 circulo
1089 694 1215 724 secundo
1236 695 1401 724 cellularum
1422 703 1436 726 5
1457 696 1653 736 bipartitarum
1676 698 1741 727 loco
1756 709 1789 727 ex

228 755 328 774 errore
347 744 465 774 cellulae
482 751 513 773 10
527 744 668 783 simplices
683 751 911 783 repraesentatae
929 747 1020 781 sunt).

365 800 391 838 ὃ.
411 809 652 838 recurvatum.
696 802 793 838 Lobi
812 805 989 853 cornigeri
1007 803 1221 839 cellularum
1239 804 1429 839 radialium
1447 814 1636 842 recurvato
1648 828 1660 833 —
1672 806 1786 842 diver-

226 874 361 916 gentes.
399 864 566 902 Cellulae
593 864 681 901 disci
699 865 835 902 lacunis
858 866 1106 903 mediocribus
1126 869 1262 917 pertusi
1287 868 1529 918 irregulariter
1553 872 1788 919 emarginatae

226 930 285 967 vel
303 929 460 965 lobatae.

364 1000 399 1026 P.
413 1001 572 1032 irregulare
587 997 683 1027 Corda
697 997 773 1027 Alm.
789 998 823 1028 de
839 998 949 1028 Carlsb.
966 1005 1033 1029 1835
1047 1005 1067 1028 t.
1084 1000 1137 1028 111.
1153 999 1172 1028 f.
1187 1003 1237 1035 36;
1255 1005 1322 1032 1839
1338 1006 1357 1028 t.
1373 1001 1426 1029 ΙΙΙ.
1441 1000 1461 1029 f.
1478 1005 1519 1032 17.

363 1070 386 1091 ε.
406 1069 587 1104 asperum.
618 1055 783 1092 Cellulae
802 1059 967 1100 maiores,
990 1057 1079 1092 radii
1098 1057 1191 1093 lobis
1211 1058 1383 1108 elongatis
1402 1060 1633 1094 crassioribus
1652 1061 1688 1094 in
1707 1072 1786 1095 cor-

224 1133 295 1156 nua
312 1121 481 1155 breviora
505 1127 668 1155 truncata
693 1120 907 1156 abeuntibus
933 1120 1333 1172 dentato-exasperatis;
1361 1122 1515 1158 cellulae
1541 1122 1628 1158 disci
1653 1123 1787 1158 lacunis

224 1183 467 1219 mediocribus
485 1185 622 1233 pertusi
641 1185 889 1232 emarginatae.

361 1254 395 1280 Ρ.
408 1254 548 1280 Selenaea
575 1251 673 1291 Itzigs.
694 1252 723 1280 in
744 1252 927 1282 Rabenhorst
947 1253 1119 1282 Bacillarien
1140 1253 1279 1282 Sachsens
1300 1254 1380 1283 Fasc.
1396 1254 1461 1283 VII.
1484 1255 1539 1283 No.
1553 1259 1587 1285 70
1614 1252 1786 1294 (specimina

222 1302 363 1333 Neodami
378 1302 451 1331 lecta
466 1302 594 1342 plurimis
608 1302 668 1331 aliis
683 1303 765 1343 Algis
780 1304 938 1333 minoribus
953 1305 1064 1341 mixta).

361 1359 389 1404 ζ.
409 1360 681 1408 brachylobum.
709 1360 875 1397 Cellulae
898 1364 1068 1406 maiores,
1104 1361 1195 1397 radii
1218 1365 1453 1412 emarginatae
1470 1363 1529 1400 vel
1547 1364 1785 1414 triangulatim

222 1426 373 1468 excisae,
395 1424 554 1460 breviter
570 1424 729 1468 bilobae,
751 1425 947 1468 sublaeves‚
966 1426 1150 1460 cornubus
1164 1426 1379 1462 brevissimis
1398 1427 1609 1462 truncatulis
1624 1427 1684 1464 vel
1701 1428 1784 1463 sub-

220 1488 351 1532 nullis;
385 1487 539 1522 cellulae
567 1487 655 1522 disci
678 1487 815 1522 lacunis
840 1487 1059 1538 plerumque
1083 1489 1284 1524 minoribus
1310 1489 1485 1539 perforati
1506 1490 1590 1540 plus
1608 1493 1780 1535 minusve,

222 1563 483 1599 nonnunquam
503 1551 561 1585 vix
580 1552 828 1599 emarginatae.

359 1621 394 1647 P.
411 1622 623 1652 emarginatum
636 1618 720 1646 Kiitz.
737 1618 786 1657 Sp.
802 1618 870 1659 Alg.
887 1620 986 1657 (1849)
1002 1630 1030 1659 p.
1048 1625 1108 1651 192.
1123 1629 1153 1648 α.
1168 1626 1314 1659 pertusum
1329 1622 1372 1658 (et
1386 1611 1444 1653 ΡΒ.
1459 1622 1628 1662 integrum).

358 1672 393 1698 P.
405 1677 555 1705 pertusum
569 1669 653 1697 Kiitz.
670 1669 757 1708 Phyc.
773 1680 863 1709 germ.
879 1681 906 1709 p.
924 1671 982 1699 141.
1003 1681 1035 1699 ex
1049 1682 1077 1709 p.
1093 1671 1163 1707 (sec.
1179 1677 1326 1700 auctorem
1341 1673 1458 1710 ipsum).

356 1723 390 1748 P.
404 1723 544 1748 Selenaea
570 1720 644 1759 N'ag.
662 1719 735 1748 einz.
750 1719 818 1760 Alg.
834 1732 860 1759 p.
876 1726 920 1752 95.
936 1731 968 1749 ex
982 1732 1009 1760 p.
1027 1721 1081 1750 tab.
1098 1722 1133 1750 V.
1150 1722 1182 1751 B.
1197 1722 1216 1751 f.
1233 1728 1256 1759 2,
1271 1726 1287 1751 b
1304 1728 1331 1751 et
1346 1723 1364 1751 f.

357 1774 392 1799 P.
406 1775 512 1807 duplex
527 1771 632 1810 Meyen
648 1770 664 1799 l.
681 1781 703 1799 c.
719 1781 750 1799 ex
765 1771 815 1810 p.?
829 1777 848 1800 t.
864 1771 907 1800 [13.
924 1771 942 1799 s.
957 1777 974 1803 9
989 1778 1017 1801 et
1036 1778 1065 1801 10
1081 1772 1255 1813 (fragmenta
1275 1773 1382 1803 cellulis
1405 1774 1475 1803 disci
1495 1774 1527 1803 iis
1546 1774 1617 1803 radii
1635 1774 1782 1812 similibus,

221 1833 290 1862 quae
304 1827 351 1851 aut
364 1822 427 1857 huc,
442 1827 490 1850 aut
504 1821 537 1850 ad
549 1822 580 1850 P.
596 1821 703 1860 pertusi
719 1831 748 1850 α.
764 1821 883 1851 formam
902 1822 1102 1852 brevicornem
1117 1824 1291 1863 pertinent).

356 1875 485 1902 Micrast.
496 1874 638 1909 Boryana
653 1872 782 1902 Ehrenb.
796 1873 852 1902 Ins.
868 1873 886 1902 l.
900 1884 924 1902 c.
940 1884 972 1902 cx
986 1885 1015 1913 p.
1029 1880 1050 1903 t.
1066 1875 1117 1903 XI.
1133 1874 1151 1903 f.
1163 1876 1199 1912 V,
1213 1875 1230 1904 b
1247 1881 1275 1904 et
1290 1875 1299 1904 i
1312 1875 1436 1913 (cellulis
1452 1879 1493 1912 16,
1509 1876 1579 1906 disci
1591 1882 1619 1906 et
1631 1877 1702 1906 radii
1716 1877 1781 1906 sub-

220 1923 440 1961 conformibus).

356 1977 393 2003 M.
408 1978 522 2011 tricylia
539 1974 666 2003 Ehrenb.
686 1974 773 2003 Verh.
788 1974 815 2003 d.
837 1975 888 2004 Ak.
906 1981 973 2005 v1833
993 1987 1020 2015 p.
1035 1981 1084 2005 301
1111 1977 1159 2014 (ex
1179 1976 1310 2017 diagnosi
1326 1977 1489 2016 omnino!);
1510 1978 1566 2007 Inf.
1590 1978 1608 2007 l.
1624 1989 1648 2008 c.
1664 1989 1696 2007 ex
1709 1990 1735 2018 p.
1761 1985 1781 2007 t.

218 2026 268 2055 XI.
283 2025 302 2054 s.
318 2026 401 2062 VIII,
415 2036 430 2054 a
445 2025 566 2063 (cellulis
582 2031 625 2060 32,
640 2025 710 2054 disci
724 2025 930 2064 subquadratis,
945 2026 1047 2055 leviter
1061 2028 1268 2068 emarginatis).

357 2079 426 2105 Ped.
442 2080 589 2113 lricyclmn
612 2076 722 2105 Hassall
737 2077 754 2105 l.
771 2088 795 2106 c.
817 2088 842 2116 p.
858 2082 920 2108 390.
934 2082 953 2105 t.
968 2083 1013 2109 92.
1028 2077 1047 2106 f.
1068 2085 1088 2107 1.

355 2129 389 2156 P.
403 2131 532 2164 tricyclia
550 2127 645 2156 Corda
660 2127 735 2156 Alm.
751 2127 777 2156 d.
794 2127 904 2157 Carlsb.
924 2133 998 2159 1839.
1014 2139 1041 2167 p.
1054 2134 1106 2160 239
1127 2130 1197 2166 (sec.
1213 2128 1316 2169 figuras
1333 2129 1429 2158 citatas
1444 2130 1662 2171 Ehrenbergii).

356 2180 435 2207 Micr.
451 2182 574 2214 elliptica
588 2178 714 2207 Ehrenb.
731 2178 748 2206 l.
764 2190 788 2208 c.
805 2190 837 2207 ex
850 2190 877 2217 p.
894 2184 913 2206 t.
929 2179 978 2208 XI.
998 2179 1016 2207 f.
1028 2180 1080 2215 IX⁷
1094 2190 1108 2208 a
1124 2179 1247 2216 (cellulis
1263 2179 1307 2216 64,
1327 2180 1395 2209 disci
1411 2180 1596 2210 subcontinui
1611 2181 1778 2220 quadratis).

357 2224 410 2269 (M.
427 2232 569 2258 Coronula
585 2229 709 2258 Ehrenb.
719 2229 773 2257 Ins.
786 2241 812 2269 p.
826 2236 872 2259 155
890 2229 943 2267 (M.
953 2230 1130 2269 Napoleonis
1144 2230 1173 2260 in
1188 2228 1261 2271 tab.)
1279 2241 1310 2259 ex
1320 2231 1370 2270 p.?
1384 2231 1489 2271 Figura
1498 2232 1537 2268 ΙΙ,
1553 2243 1566 2260 a
1581 2228 1779 2275 (tabulanI),

217 2279 360 2319 specimen
380 2279 486 2308 cellulis
502 2280 572 2308 radii
586 2281 611 2316 li,
634 2280 703 2309 disci
719 2290 777 2309 non
794 2280 901 2320 pertusi
916 2285 931 2308 2
946 2286 1173 2320 repraesentans⁷
1193 2292 1206 2310 a
1221 2281 1378 2322 Kiitzingio
1394 2282 1457 2317 huc,
1480 2283 1497 2310 i.
1512 2293 1537 2311 e.
1552 2283 1585 2311 ad
1608 2283 1693 2322 ipsius
1708 2284 1776 2313 Ped.

217 2330 423 2370 emarginatum
437 2319 476 2361 Β.
491 2330 646 2370 integrum,
658 2331 788 2368 trahitur,
801 2332 849 2361 sed
864 2331 944 2360 valde
963 2332 1062 2360 dubito
1077 2342 1111 2360 an
1130 2338 1216 2361 recte.
1247 2331 1421 2361 Cellularum
1437 2333 1527 2361 forma
1542 2334 1607 2362 satis
1622 2334 1695 2364 bene
1710 2346 1778 2373 qua-

216 2382 287 2417 drat,
305 2381 354 2410 sed
368 2391 501 2410 numerus
515 2381 677 2411 cellularum
699 2393 781 2422 quam
799 2383 829 2412 in
849 2382 981 2412 omnibus
1002 2383 1100 2413 formis
1116 2383 1184 2412 mihi
1206 2383 1270 2413 visis
1284 2383 1406 2412 inferior
1420 2390 1448 2412 et
1467 2384 1558 2413 discus
1574 2395 1632 2414 non
1647 2392 1777 2425 pertusus

217 2430 357 2475 obstant).
