2225 3020
966 206 1013 242 39

206 310 435 361 gonidiorum
454 322 601 346 examen
620 321 742 344 mense
760 307 844 344 Iulii
872 308 970 343 horis
994 309 1175 343 matutinis
1201 315 1326 357 quarta
1346 306 1390 342 ad
1416 315 1547 342 sextam
1570 319 1685 356 usque
1708 306 1771 340 ob-

206 377 351 411 servavi.

784 439 1000 479 Explicatio
1020 440 1086 469 tab.
1106 441 1141 468 V.
1161 439 1196 468 Α.

333 501 357 522 1.
386 492 548 531 Spei-imina
568 491 709 520 iuvenilia.

331 549 425 572 2—5.
454 543 617 582 Specimina
636 548 726 570 aetate
741 542 932 580 provectiora,
951 541 1070 582 globulo
1089 540 1204 569 interno
1224 540 1391 578 conspicuo.

331 603 355 623 ο.
385 594 538 632 Specimeu
559 593 772 633 cytioplasmate
792 593 1018 622 transversaliter
1036 591 1182 630 bipartito.

331 650 356 676 7.
384 645 462 673 Idem
483 645 697 684 cytioplasmate
717 644 895 683 reagentium
911 654 966 682 ope
986 648 1146 677 contracto,
1165 653 1179 670 a
1198 641 1362 670 membrana
1379 641 1495 669 cellulae
1514 641 1620 669 soluto.

331 703 355 726 8.
374 702 400 728 9.
429 696 592 735 Specimina
611 695 827 734 cytioplasmate
846 695 875 723 in
895 700 987 734 partes
1008 696 1021 723 lt
1038 693 1138 722 diviso.

333 754 374 775 10.
403 747 556 786 Specimen
576 746 764 786 praelongum
786 745 1008 785 cytioplasmatis
1028 743 1155 784 partibus
1176 743 1362 783 superpositis
1382 741 1520 781 pluribus,
1540 742 1588 770 sed
1608 742 1679 771 male
1698 742 1773 770 inter

204 809 234 827 se
254 798 404 827 distinctis.

334 856 374 877 11.
403 849 556 887 Specimen
576 848 791 887 cytioplasmate
810 846 1036 875 transversaliter
1055 851 1083 874 et
1101 844 1349 885 longitudinaliter
1368 844 1468 873 diviso.

336 907 374 928 ¹2.
403 899 556 938 Specimen
576 899 758 939 zoogonidiis
774 898 906 937 perfectis
922 897 1063 936 repletum
1080 897 1215 935 adspectu
1232 895 1416 935 botryoideo.

333 957 374 979 15.
403 951 481 979 Idem
501 950 590 989 apice,
610 950 687 989 quod
702 950 791 978 rarius
811 949 915 985 evenit,
943 949 972 977 in
999 954 1135 977 strumam
1162 948 1363 983 intumescens,
1387 946 1511 987 gonidiis
1539 945 1612 973 intra
1636 950 1771 973 strumam

204 1002 297 1031 vivide
310 1002 431 1042 agitatis.

336 1056 374 1082 Η.
403 1052 555 1091 Specimen
577 1051 713 1086 normale,
733 1057 867 1079 strumam
888 1050 1032 1079 lateralem
1053 1050 1235 1088 protrudens.

332 1111 372 1133 15.
402 1104 480 1132 Idem
501 1114 515 1131 e
533 1109 639 1131 struma
662 1108 758 1140 aperta
779 1101 953 1141 zoogonislia
973 1101 1065 1129 vivide
1084 1101 1187 1141 agitata
1207 1100 1350 1128 emittens.

407 1154 530 1194 Figurae
550 1154 740 1193 proportione
760 1148 816 1198 ῳ
835 1159 942 1181 auctae.

332 1307 367 1342 5.
400 1306 466 1341 Ch.
488 1307 666 1342 obtusum.
725 1306 870 1342 Cellula
890 1313 1020 1349 erecta,
1052 1304 1223 1354 aequalis,
1253 1306 1373 1338 iunior
1399 1304 1579 1352 angustius
1599 1301 1769 1351 elliptica,

204 1370 362 1406 adultior
386 1370 490 1405 latius
515 1369 690 1419 elliptica,
715 1370 869 1405 obovata
898 1369 955 1403 vel
976 1368 1201 1418 pyrisormis,
1230 1380 1374 1416 semper
1401 1367 1625 1401 obtusissima
1645 1373 1680 1400 et
1698 1364 1774 1400 fere

203 1441 385 1477 truncata,
409 1435 543 1469 vertice
567 1432 784 1467 obturaculo
804 1435 895 1467 intra
915 1432 1161 1467 membranam
1181 1430 1391 1466 cellularem
1412 1429 1551 1464 incluso
1579 1431 1771 1465 instructa:

203 1500 312 1548 stipes
336 1498 471 1540 brevis,
498 1497 572 1531 basi
598 1496 804 1546 paullulum
830 1495 1227 1539 nodoso-incrassatus,
1259 1493 1495 1545 cytioplasma
1521 1506 1539 1527 a
1566 1493 1773 1527 membrana

204 1560 367 1597 cellulari
388 1560 536 1603 distans,
560 1559 750 1595 indivisum
772 1559 923 1609 globulo
943 1561 1072 1602 unico,
1097 1558 1267 1607 denique,
1296 1560 1520 1592 incremento
1538 1556 1692 1591 cellulae
1712 1556 1772 1590 ab-

204 1624 337 1667 soluto,
362 1623 515 1659 divisum
535 1631 569 1658 et
587 1631 673 1658 tunc
693 1623 849 1672 globulis
868 1622 1046 1672 pluribus,
1070 1621 1133 1657 sed
1152 1635 1280 1671 parum
1306 1622 1511 1670 conspicuis
1536 1622 1771 1663 instructumss,

209 1686 465 1737 (zoogonidiass‘
494 1687 515 1721 8
535 1686 593 1722 vel
612 1699 815 1730 numerosa,
840 1699 906 1736 per
924 1688 1063 1735 apicem
1081 1685 1235 1720 cellulae
1256 1686 1520 1729 examinantia).

342 1750 489 1785 Habitat
512 1749 673 1785 Berolini
698 1751 733 1784 in
761 1749 863 1784 fossis
890 1749 1037 1784 turfosis
1062 1748 1105 1784 ad
1136 1748 1295 1791 Moabic,
1329 1747 1553 1797 Oedogoniis
1580 1746 1625 1782 ad
1641 1747 1774 1796 Hypna

205 1816 368 1864 aquatica
388 1822 422 1849 et
441 1813 578 1848 radices
599 1813 801 1862 plantarum
820 1813 1035 1863 palustrium
1053 1812 1255 1861 vigentibus
1283 1811 1457 1855 insidens,
1481 1824 1563 1845 cum
1590 1810 1775 1845 Char-acio

205 1877 513 1925 orrzitlzoceplialo.
541 1877 630 1925 Legi
661 1884 791 1912 aestate
824 1884 860 1912 et
887 1884 1061 1912 autumno
1090 1876 1202 1919 1851,
1234 1888 1301 1910 nec
1328 1888 1403 1909 non
1428 1875 1547 1910 hieme
1576 1873 1684 1908 1854.
1732 1873 1775 1907 In

204 1950 327 1991 stagno
348 1941 392 1976 ad
415 1940 664 1990 Niclcolsclorf
673 1953 790 1989 prope
810 1941 1060 1989 Koenigsslein
1082 1938 1257 1975 saxoniae
1277 1938 1321 1973 ad
1340 1938 1400 1973 fila
1419 1937 1644 1974 Ulothrichis
1663 1938 1774 1972 varia-

204 2005 286 2040 bilis
315 2013 351 2040 et
378 2003 584 2054 Oedogonii
617 2003 802 2038 cuiusdam
837 2017 919 2038 cum
947 2003 1132 2038 Char-acio
1159 2002 1349 2051 longipede
1374 2002 1460 2051 legit
1490 2000 1775 2037 Rabenhorst

204 2081 288 2104 vere
312 2069 406 2103 1852
426 2076 461 2103 et
484 2068 589 2111 1853,
614 2080 688 2116 quo
709 2066 792 2102 loco
813 2069 849 2101 in
876 2069 1060 2102 consortio
1086 2067 1325 2101 observantur
1352 2065 1594 2100 Bulboclmete
1619 2070 1775 2113 setigera

207 2139 242 2167 et
257 2137 386 2172 minor,
407 2131 647 2166 Coleoclmele
670 2139 824 2170 scutata,
844 2130 1098 2178 Oplzioqylium
1121 2132 1355 2177 αρίςαῖαίωη,
1375 2129 1604 2177 Spirolaenia
1619 2126 1774 2162 conden-

205 2202 298 2235 sata,
317 2194 544 2230 Desmidlum
569 2194 740 2236 Sum-tzii,
771 2195 982 2229 Tabellaria
995 2196 1208 2242 fenestrata
1224 2200 1286 2228 etc.
1317 2192 1444 2239 (Conf.
1472 2191 1638 2227 Rabenh.
1670 2189 1774 2226 decas

205 2258 344 2294 XVIII.
365 2257 438 2293 No.
464 2259 564 2305 171).

346 2320 493 2370 Species
520 2321 686 2371 pluribus
716 2323 810 2356 notis
838 2334 856 2356 a
886 2320 1036 2370 reliquis
1062 2319 1288 2370 singulariter
1312 2318 1503 2362 recedens,
1539 2317 1602 2354 sed
1622 2325 1775 2368 propter

207 2384 488 2435 cytioplasmatis
504 2384 715 2420 divisionem
731 2386 979 2428 successivam,
1004 2383 1186 2420 Characiis
1207 2385 1356 2418 omnino
1372 2384 1570 2433 propriam,
1592 2383 1650 2417 vix
1665 2381 1774 2417 dubia

204 2449 311 2484 huius
330 2450 468 2498 generis
487 2450 584 2484 civis.
616 2449 822 2499 Specimina
840 2448 1020 2492 iuvenilia,
1044 2460 1137 2498 quae
1155 2446 1241 2491 vidi,
1262 2449 1407 2482 minima
1429 2446 1531 2496 ὠόπ·
1549 2445 1667 2495 longa,
1690 2458 1772 2495 per-
