2225 3020
1162 228 1209 263 58

402 338 522 373 videtur,
535 346 619 374 quum
635 337 668 362 P.
683 333 875 369 „ellipticum”
897 333 925 361 in
940 333 1047 373 stagnis
1062 344 1149 372 aquae
1163 333 1303 363 subsalsae
1321 346 1412 375 prope
1428 335 1452 364 C
1462 345 1579 364 romer
1593 335 1621 364 in
1639 334 1762 375 Angliae
1784 345 1867 374 prov.
1882 335 1972 364 Nor-

403 389 477 418 solk
493 389 594 416 lectum
612 396 625 413 a
641 388 673 412 P.
688 386 837 421 Boryano‚
853 384 931 413 cuius
946 385 1186 424 propagationem
1201 385 1259 423 ipse
1273 385 1431 422 observavi,
1446 387 1622 426 distinguere
1638 388 1795 425 nequeam(
1806 382 1810 395 ¹
1821 388 1841 422 ).
1862 385 1974 415 Obser—

403 445 464 468 vata
487 437 601 477 propria
622 436 650 464 in
671 435 809 474 opusculo
831 435 864 463 de
882 435 1008 464 anabiosi
1033 435 1102 467 1⁸49
1118 436 1252 474 descripsi
1275 442 1303 464 et
1326 437 1423 477 figuris
1439 437 1577 465 illustravi
1592 434 1652 474 (²),
1682 437 1783 475 quibus
1809 437 1972 466 recentiora

403 488 540 518 nonnulla
556 487 721 527 praesertim
737 487 770 515 de
790 487 1008 526 microgonidiis
1031 486 1180 522 Pediastri,
1203 493 1271 519 tunc
1286 488 1354 516 mihi
1371 488 1488 528 ignotiS,
1508 488 1610 516 addere
1631 488 1722 517 liceat.
1745 489 1810 516 Am.
1827 488 1974 516 Sendtner

402 549 469 568 vere
487 545 553 568 1852
567 542 794 574 Aegagropilam
812 541 936 569 Saulen',
965 538 994 566 in
1020 537 1081 565 lacu
1095 540 1190 565 Zeller
1202 541 1254 565 See
1270 537 1379 575 lectam,
1394 539 1485 568 vivam
1505 540 1533 567 in
1551 539 1653 578 pyxide
1668 545 1794 575 stannea,
1826 550 1896 577 aqua
1913 550 1975 568 om-

402 590 472 619 nino
488 590 595 629 repleta
611 595 639 617 et
661 589 815 618 hermetice
835 589 926 617 clausa
941 589 1084 617 conditam
1102 589 1268 617 Berolinum
1284 589 1316 617 ad
1332 600 1376 618 me
1391 590 1476 625 misit,
1491 600 1561 628 quae
1577 590 1622 617 die
1641 594 1668 619 17
1685 590 1791 628 Aprilis
1807 590 1902 618 cursui
1923 601 1975 628 pu-

402 640 479 670 blico
501 641 631 669 mandata
651 640 695 669 die
715 646 746 668 23
770 640 803 668 ei.
819 640 923 668 mensis
940 640 1007 668 milii
1024 640 1124 668 tradita
1140 646 1190 668 est.
1230 640 1337 679 Pyxide
1358 641 1451 669 statim
1468 647 1564 680 aperta
1580 640 1791 669 multitudinem
1808 641 1975 670 immensam

401 694 550 721 Pediastri
561 694 694 728 Baryam'
706 691 780 720 inter
794 691 838 719 fila
854 691 1064 731 Aegagropilae
1082 691 1233 719 nidulantis
1247 697 1344 719 nactus
1359 703 1429 727 sum,
1450 693 1528 720 cuius
1542 691 1698 731 specimina
1713 691 1842 730 plurima,
1858 692 1967 731 optime

402 744 516 773 evoluta
538 749 566 772 et
586 754 637 782 per
660 749 773 771 noctem
796 742 981 770 artificialiter
1002 742 1201 782 prolongatam
1223 742 1255 770 ad
1280 743 1516 782 propagationem
1544 743 1644 771 eximie
1665 748 1839 781 praeparata,
1866 743 1977 782 primis’

402 801 552 834 postquam
569 794 623 822 luci
640 794 766 833 exposita
786 798 861 829 sunt,
886 793 963 821 horis
985 799 1080 831 partus
1095 793 1287 832 spectaculum
1303 793 1497 822 admirandum
1518 793 1655 832 praebere
1671 799 1838 832 coeperunt.
1867 793 1977 823 Cerne-

402 846 507 875 bantur
521 845 637 886 gonidia
652 844 816 883 saepissime
830 850 873 880 ⁴33,
900 844 990 872 rarius
1009 846 1049 880 16,
1076 845 1218 873 rarissime
1231 852 1255 880 8,
1286 854 1406 872 numero
1423 855 1484 873 cum
1499 855 1533 873 eo
1549 844 1713 873 cellularum
1730 844 1902 873 coenobium
1918 855 1977 873 ma-

402 903 516 926 ternum
542 896 776 925 constituentium
798 895 967 934 plerumque
989 896 1097 934 (neque
1112 906 1181 924 vero
1197 897 1323 934 semper)
1347 902 1537 935 congruente,
1562 907 1576 924 e
1597 895 1698 924 cellula
1723 895 1860 924 matricali
1880 895 1976 924 subito

403 948 629 988 prorumpentia,
643 947 735 975 vesica
755 946 900 974 communi
915 952 1082 974 constanter
1096 947 1203 975 inclusa
1219 953 1245 975 et
1262 947 1398 981 coercita,
1421 947 1494 975 intra
1510 957 1591 985 quam
1611 957 1661 985 per
1676 947 1764 975 horae
1780 947 1894 975 circiter
1909 957 1978 985 qua-

403 999 532 1028 drantem
548 998 678 1027 alacriter
691 997 891 1032 movebantur,
910 1003 1061 1035 antequam
1077 998 1180 1026 sensim
1196 998 1290 1026 sedata
1309 998 1337 1026 in
1350 998 1522 1026 coenobium
1538 998 1620 1026 filiale
1636 1004 1888 1026 connecterentur.
1910 997 1978 1025 Vidi

403 1051 528 1081 eiusdem
545 1048 678 1078 coenobii
694 1048 808 1077 cellulas
825 1048 917 1087 plures
933 1050 1040 1086 <neque
1055 1059 1123 1077 vero
1138 1052 1250 1084 omnes)
1279 1049 1380 1077 ordine
1395 1060 1423 1077 se
1439 1049 1612 1087 excipientes
1628 1048 1707 1077 brevi
1724 1049 1862 1087 temporis
1885 1048 1978 1087 spatio

404 1102 519 1143 gonidia
535 1101 675 1129 emittere.
703 1099 812 1128 Diebus
828 1099 1043 1138 insequentibus
1059 1099 1233 1128 stellularum
1250 1111 1386 1128 novarum
1407 1100 1559 1138 productio
1582 1100 1671 1139 magis
1692 1100 1837 1140 magisque
1852 1109 1978 1128 raresce—

403 1153 460 1189 bat,
474 1162 640 1191 quamquam
657 1151 795 1189 plurimae
810 1150 907 1179 stellae
923 1156 1050 1179 vetustae
1075 1161 1133 1179 non
1150 1151 1270 1179 omnino
1292 1156 1451 1186 evacuatae,
1472 1151 1520 1179 sed
1535 1150 1643 1179 cellulis
1661 1151 1807 1178 nonnullis
1827 1151 1916 1178 adhuc
1933 1151 1978 1178 in·

403 1204 492 1244 tegris
508 1209 534 1231 et
552 1202 688 1241 inapertis
704 1202 858 1230 instructae
873 1201 988 1229 fuerint.
1030 1201 1217 1230 Hebdomade
1236 1202 1359 1240 denique
1374 1201 1490 1240 delapso
1509 1212 1562 1229 arn.
1585 1202 1630 1229 De
1654 1202 1729 1240 Bary
1750 1201 1817 1229 mihi
1833 1201 1979 1230 nunciavit

403 1255 557 1289 Pediastra,
585 1265 705 1292 quorum
730 1259 839 1292 partem
867 1253 1016 1281 colendam
1043 1259 1215 1292 susceperat,
1244 1253 1397 1281 novissime
1424 1253 1708 1292 macrogonidiorum
1730 1253 1758 1280 in
1772 1252 1865 1281 stellas
1882 1252 1978 1281 filiales

404 1306 569 1335 coeuntium
586 1305 650 1333 loco
666 1304 876 1343 microgonidia
892 1303 1072 1343 diffugientia
1088 1305 1218 1343 gignere,
1243 1304 1384 1342 simulque
1408 1304 1512 1343 figuras
1537 1304 1626 1332 amice
1651 1314 1761 1332 mecum
1784 1303 1979 1332 communica-

403 1352 512 1394 vit(³).
529 1356 740 1396 Microgonidia
756 1355 856 1383 eodem
873 1355 960 1383 modo
976 1366 1006 1383 ac
1021 1356 1236 1394 macrogonidia
1253 1366 1267 1383 e
1283 1355 1382 1383 cellula
1400 1355 1537 1383 matricali
1556 1355 1583 1383 in
1598 1354 1693 1383 medio
1702 1354 1885 1383 transversim
1896 1360 1980 1393 rupta

403 1419 457 1437 una
469 1419 531 1436 cum
547 1407 637 1436 vesica
654 1406 817 1434 includente
833 1404 1092 1445 prorumpuntff),
1112 1407 1161 1434 sed
1177 1406 1313 1434 disserunt
1330 1416 1460 1441 numero,
1477 1405 1684 1445 magnitudine,
1704 1405 1804 1441 forma,
1820 1411 1913 1433 motus
1929 1406 1979 1434 du-

1542 1452 1626 1476 iaemrn.

1522 1475 1565 1501 ἰ’5ὀ

404 1511 448 1539 vix
476 1510 629 1549 producto,
657 1508 747 1537 altero
776 1509 820 1544 (in
848 1508 992 1536 coenobio
1008 1514 1167 1536 extrorsum
1184 1508 1337 1547 vergente)
1358 1507 1451 1544 viridi,
1479 1519 1543 1536 mox
1567 1508 1594 1536 in
1611 1507 1795 1536 latidudinem
1812 1513 1929 1535 extenso
1949 1513 1979 1536 et:

404 1460 516 1489 ratione
533 1465 561 1487 et
576 1458 659 1486 exitu.
676 1457 894 1497 Macrogonidia
911 1456 1001 1484 forma
1020 1457 1146 1496 gaudent
1161 1457 1344 1497 subglobosa,
1360 1456 1499 1485 diametro
1630 1478 1637 1491 ,
1653 1456 1743 1484 altero
1760 1456 1847 1484 latere
1862 1456 1979 1495 hyalino

403 1561 591 1601 emarginato.
621 1560 695 1588 Cilia
709 1559 863 1587 vibratoria
883 1559 910 1586 in
925 1559 1149 1597 macrogonidiis
1165 1559 1341 1598 distinguere
1356 1558 1423 1586 milii
1441 1569 1499 1586 non
1519 1559 1652 1598 contigit.
1679 1558 1703 1586 E
1719 1558 1811 1586 vesica
1826 1557 1980 1595 ambiente,

403 1614 477 1650 intra
493 1623 574 1651 quam
591 1616 754 1645 nas-cuntur,
783 1620 925 1647 nunquam
947 1609 1144 1649 egrediuntur,
1171 1610 1319 1648 ipsumque
1339 1609 1512 1637 coenobium
1534 1609 1658 1637 iuvenile
1673 1608 1706 1637 ad
1720 1609 1876 1637 secundum
1892 1619 1980 1647 usque

405 1664 478 1693 diem
489 1664 581 1692 vesica
593 1662 752 1702 gelatinosa
764 1661 890 1698 (demum
902 1660 1130 1698 deliquescente)
1141 1660 1200 1689 laxe
1210 1660 1348 1688 inclusum
1359 1660 1544 1699 conspicitur.
1555 1660 1768 1699 Microgonidia
1779 1660 1861 1688 initio
1872 1660 1981 1689 vesicae

404 1721 480 1744 arcte
492 1714 609 1747 inclusa,
626 1713 792 1741 densissime
803 1717 990 1751 congregata,
1005 1711 1195 1751 subglobosa;
1211 1718 1317 1750 postea,
1333 1711 1423 1739 vesica
1434 1712 1537 1739 sensim
1549 1705 1722 1747 dilatata(⁵),
1736 1711 1824 1750 magis
1833 1711 1981 1750 magisque

403 1766 577 1806 elongantur
597 1770 622 1792 et
639 1765 667 1792 in
684 1769 808 1792 rostrum
825 1763 968 1802 hyalinum
990 1763 1190 1791 acuminantur
1204 1769 1311 1801 partem
1333 1762 1451 1790 viridem
1468 1762 1650 1802 longitudine
1664 1762 1896 1800 subaequantem,
1915 1773 1981 1790 acu-

403 1823 472 1853 tum,
499 1817 569 1846 ciliis
591 1826 713 1854 corpore
737 1814 930 1854 longioribus,
959 1824 1034 1842 nunc
1056 1814 1204 1842 evidenter
1220 1814 1303 1849 binis,
1332 1823 1418 1848 nune,
1448 1814 1476 1841 in
1496 1813 1619 1852 speciem
1636 1813 1760 1852 quidem,
1788 1813 1870 1841 unica
1886 1813 1980 1840 muni-

402 1874 462 1898 tum
476 1864 534 1904 (⁶).
553 1866 722 1906 Longitudo
737 1865 1015 1905 microgonidiorum
1036 1865 1218 1893 evolutorum
1239 1865 1297 1893 sere
1316 1860 1424 1908 -fflffimm',
1442 1864 1598 1892 crassitudo
1620 1861 1688 1909 ¹:⁷35·
1706 1865 1802 1892 Motus
1818 1863 1901 1892 initio
1918 1863 1979 1892 len-

404 1926 457 1955 tus,
473 1920 537 1947 dein
554 1919 627 1946 intra
638 1918 758 1945 vesicam
775 1916 916 1944 dilatatam
931 1916 1133 1950 vivacissimus,
1148 1916 1181 1944 ad
1197 1916 1283 1944 horae
1297 1916 1418 1953 spatium
1434 1921 1462 1943 et
1476 1915 1549 1943 ultra
1565 1916 1756 1950 continuatus,
1771 1915 1873 1950 donec,
1888 1914 1980 1943 vesica

403 1976 497 2010 rupta,
524 1968 803 2008 microgonidiorum
818 1967 901 1995 turba
920 1967 1080 2005 dissipatur.
1120 1968 1262 1996 Numerus
1284 1966 1563 2006 microgonidiorum
1583 1973 1703 2006 propter
1722 1966 1980 2006 congregationem

481 2152 528 2193 (¹)
558 2156 591 2183 In
620 2157 653 2182 P.
669 2157 790 2189 elliptico
807 2152 943 2191 Casparyi
958 2152 1113 2181 secundum
1134 2152 1232 2181 icones
1256 2152 1374 2181 ineditas
1395 2152 1484 2181 amice
1512 2163 1622 2181 mecum
1649 2151 1870 2180 communicatas
1891 2160 1981 2179 mem-

406 2208 491 2236 brana
514 2206 678 2235 cellularum
699 2204 813 2243 quidem
832 2204 927 2239 laevis,
946 2214 1016 2241 quae
1038 2203 1066 2231 in
1087 2206 1121 2232 P.
1138 2205 1278 2240 Boryano
1300 2205 1353 2241 (P.
1368 2208 1524 2238 granulato
1544 2203 1683 2242 Verjiing.
1699 2213 1726 2241 p.
1743 2207 1803 2230 252.
1825 2207 1844 2230 t.
1861 2202 1899 2238 II,
1920 2211 1980 2230 non

406 2259 505 2295 Kiitz.)
534 2257 635 2286 leviter
663 2261 817 2295 punctata3
845 2261 872 2282 at
893 2260 996 2293 puncta
1018 2254 1199 2283 membranae
1219 2255 1248 2283 in
1269 2255 1351 2284 variis
1372 2255 1404 2283 P.
1421 2255 1547 2294 Boryani
1569 2253 1670 2283 formis
1690 2253 1752 2292 plus
1772 2253 1902 2282 minusve
1922 2252 1981 2282 evi-

406 2309 506 2338 denter
519 2313 656 2347 apparent
671 2313 699 2336 et
713 2318 796 2346 saepe
812 2306 855 2335 vix
871 2305 1098 2344 conspiciuntur.

483 2367 531 2409 (⁴²)
561 2372 698 2411 Verjiing.
717 2382 744 2409 p.
763 2376 822 2401 197.
844 2374 900 2398 352.
913 2375 931 2397 t.
949 2370 986 2397 ΙΙ.

484 2429 532 2471 (³)
561 2434 820 2463 C0nf.tab.11.B.
874 2428 923 2476 (⁴)
953 2432 995 2461 Ib.
1012 2432 1030 2460 f.
1047 2439 1070 2460 1.
1126 2426 1172 2470 (⁵)
1199 2431 1241 2461 Ib.
1264 2431 1282 2460 s.
1297 2437 1322 2460 2.
1339 2438 1363 2461 3.
1380 2431 1405 2460 4.

484 2492 530 2535 (⁶)
558 2498 593 2525 T.
609 2499 646 2526 11.
662 2499 694 2527 Β.
711 2497 729 2526 f.
744 2500 768 2526 6.
786 2502 809 2528 ῖ.
