<?xml version="1.0" encoding="UTF-8"?>
<!DOCTYPE html PUBLIC "-//W3C//DTD XHTML 1.0 Transitional//EN"
    "http://www.w3.org/TR/xhtml1/DTD/xhtml1-transitional.dtd">
<html xmlns="http://www.w3.org/1999/xhtml" xml:lang="en" lang="en">
 <head>
  <title>
</title>
<meta http-equiv="Content-Type" content="text/html;charset=utf-8" />
  <meta name='ocr-system' content='tesseract 3.04.00' />
  <meta name='ocr-capabilities' content='ocr_page ocr_carea ocr_par ocr_line ocrx_word'/>
</head>
<body>
  <div class='ocr_page' id='page_1' title='image "algarumunicellul00brau_0121.png"; bbox 0 0 2225 3020; ppageno 0'>
   <div class='ocr_carea' id='block_1_1' title="bbox 975 196 1045 234">
    <p class='ocr_par' dir='ltr' id='par_1_1' title="bbox 975 196 1045 234">
     <span class='ocr_line' id='line_1_1' title="bbox 975 196 1045 234; baseline 0.029 -2"><span class='ocrx_word' id='word_1_1' title='bbox 975 196 1045 234; x_wconf 89' lang='grc'>107</span> 
     </span>
    </p>
   </div>
   <div class='ocr_carea' id='block_1_2' title="bbox 359 302 1722 393">
    <p class='ocr_par' dir='ltr' id='par_1_2' title="bbox 359 302 1722 393">
     <span class='ocr_line' id='line_1_2' title="bbox 362 302 1722 347; baseline 0.004 -15"><span class='ocrx_word' id='word_1_2' title='bbox 362 303 594 333; x_wconf 88' lang='lat' dir='ltr'>Habitationibus</span> <span class='ocrx_word' id='word_1_3' title='bbox 610 302 772 331; x_wconf 85' lang='lat' dir='ltr'>addendum</span> <span class='ocrx_word' id='word_1_4' title='bbox 788 308 842 332; x_wconf 89' lang='lat' dir='ltr'>est:</span> <span class='ocrx_word' id='word_1_5' title='bbox 863 303 1015 343; x_wconf 82' lang='lat' dir='ltr'>Tubingae</span> <span class='ocrx_word' id='word_1_6' title='bbox 1030 304 1058 332; x_wconf 91' lang='lat' dir='ltr'>in</span> <span class='ocrx_word' id='word_1_7' title='bbox 1073 304 1189 343; x_wconf 85' lang='lat' dir='ltr'>aquario</span> <span class='ocrx_word' id='word_1_8' title='bbox 1205 303 1280 333; x_wconf 87' lang='lat' dir='ltr'>horti</span> <span class='ocrx_word' id='word_1_9' title='bbox 1295 304 1422 334; x_wconf 87' lang='lat' dir='ltr'>botanici</span> <span class='ocrx_word' id='word_1_10' title='bbox 1437 306 1502 343; x_wconf 88' lang='lat' dir='ltr'>(De</span> <span class='ocrx_word' id='word_1_11' title='bbox 1516 307 1613 347; x_wconf 87' lang='lat' dir='ltr'>Bary</span> <span class='ocrx_word' id='word_1_12' title='bbox 1629 307 1722 345; x_wconf 66' lang='lat'>1854)-</span> 
     </span>
     <span class='ocr_line' id='line_1_3' title="bbox 359 353 1037 393; baseline -0.001 -9"><span class='ocrx_word' id='word_1_13' title='bbox 359 355 392 383; x_wconf 89' lang='lat' dir='ltr'>P.</span> <span class='ocrx_word' id='word_1_14' title='bbox 409 362 451 384; x_wconf 70' lang='lat'>53.</span> <span class='ocrx_word' id='word_1_15' title='bbox 492 354 608 393; x_wconf 83' lang='lat' dir='ltr'>Species</span> <span class='ocrx_word' id='word_1_16' title='bbox 625 353 731 382; x_wconf 88' lang='lat' dir='ltr'>Sciadii</span> <span class='ocrx_word' id='word_1_17' title='bbox 752 365 842 383; x_wconf 82' lang='lat' dir='ltr'>novae</span> <span class='ocrx_word' id='word_1_18' title='bbox 861 355 1037 383; x_wconf 84' lang='lat' dir='ltr'>inserantur:</span> 
     </span>
    </p>
   </div>
   <div class='ocr_carea' id='block_1_3' title="bbox 216 411 1792 908">
    <p class='ocr_par' dir='ltr' id='par_1_3' title="bbox 218 411 1792 590">
     <span class='ocr_line' id='line_1_4' title="bbox 360 411 1791 462; baseline 0.003 -15"><span class='ocrx_word' id='word_1_19' title='bbox 360 413 396 447; x_wconf 77' lang='lat'>2.</span> <span class='ocrx_word' id='word_1_20' title='bbox 427 412 484 447; x_wconf 88' lang='lat' dir='ltr'>Sc.</span> <span class='ocrx_word' id='word_1_21' title='bbox 500 414 704 461; x_wconf 79' lang='lat' dir='ltr'><em>gracilipes.</em></span> <span class='ocrx_word' id='word_1_22' title='bbox 734 411 955 462; x_wconf 83' lang='lat' dir='ltr'>Simpliciter</span> <span class='ocrx_word' id='word_1_23' title='bbox 973 413 1231 457; x_wconf 63' lang='lat' dir='ltr'>umbellatumss,</span> <span class='ocrx_word' id='word_1_24' title='bbox 1259 413 1413 449; x_wconf 81' lang='lat' dir='ltr'>cellulae</span> <span class='ocrx_word' id='word_1_25' title='bbox 1434 423 1560 456; x_wconf 77' lang='lat' dir='ltr'>rectae,</span> <span class='ocrx_word' id='word_1_26' title='bbox 1580 418 1693 451; x_wconf 85' lang='lat' dir='ltr'>rarius</span> <span class='ocrx_word' id='word_1_27' title='bbox 1712 430 1791 452; x_wconf 88' lang='lat' dir='ltr'>cur-</span> 
     </span>
     <span class='ocr_line' id='line_1_5' title="bbox 219 475 1792 526; baseline 0.003 -14"><span class='ocrx_word' id='word_1_28' title='bbox 219 483 319 512; x_wconf 86' lang='lat' dir='ltr'>vatae</span> <span class='ocrx_word' id='word_1_29' title='bbox 339 483 399 511; x_wconf 87' lang='lat' dir='ltr'>aut</span> <span class='ocrx_word' id='word_1_30' title='bbox 416 475 596 525; x_wconf 84' lang='lat' dir='ltr'><strong>spiraliter</strong></span> <span class='ocrx_word' id='word_1_31' title='bbox 615 483 815 520; x_wconf 82' lang='lat' dir='ltr'>contortae,</span> <span class='ocrx_word' id='word_1_32' title='bbox 840 477 1010 521; x_wconf 78' lang='lat' dir='ltr'>obtusae3</span> <span class='ocrx_word' id='word_1_33' title='bbox 1037 478 1174 526; x_wconf 84' lang='lat' dir='ltr'>stipites</span> <span class='ocrx_word' id='word_1_34' title='bbox 1194 475 1354 526; x_wconf 74' lang='lat' dir='ltr'>graciles,</span> <span class='ocrx_word' id='word_1_35' title='bbox 1378 481 1533 514; x_wconf 81' lang='lat' dir='ltr'>crassitie</span> <span class='ocrx_word' id='word_1_36' title='bbox 1553 479 1706 516; x_wconf 84' lang='lat' dir='ltr'>cellulae</span> <span class='ocrx_word' id='word_1_37' title='bbox 1727 480 1792 516; x_wconf 91' lang='lat' dir='ltr'>du-</span> 
     </span>
     <span class='ocr_line' id='line_1_6' title="bbox 218 539 498 590; baseline 0 -16"><span class='ocrx_word' id='word_1_38' title='bbox 218 539 283 590; x_wconf 91' lang='lat' dir='ltr'>plo</span> <span class='ocrx_word' id='word_1_39' title='bbox 303 539 498 588; x_wconf 80' lang='lat' dir='ltr'>longiores.</span> 
     </span>
    </p>

    <p class='ocr_par' dir='ltr' id='par_1_4' title="bbox 216 601 1790 908">
     <span class='ocr_line' id='line_1_7' title="bbox 356 601 1790 657; baseline 0.004 -20"><span class='ocrx_word' id='word_1_40' title='bbox 356 602 519 638; x_wconf 90' lang='lat' dir='ltr'>Berolini</span> <span class='ocrx_word' id='word_1_41' title='bbox 537 604 573 638; x_wconf 91' lang='lat' dir='ltr'>in</span> <span class='ocrx_word' id='word_1_42' title='bbox 587 601 722 652; x_wconf 85' lang='lat' dir='ltr'>palude</span> <span class='ocrx_word' id='word_1_43' title='bbox 740 603 911 638; x_wconf 88' lang='lat' dir='ltr'>umbrosa</span> <span class='ocrx_word' id='word_1_44' title='bbox 931 602 975 638; x_wconf 89' lang='lat' dir='ltr'>ad</span> <span class='ocrx_word' id='word_1_45' title='bbox 1001 605 1178 638; x_wconf 85' lang='lat' dir='ltr'>sinistram</span> <span class='ocrx_word' id='word_1_46' title='bbox 1202 605 1370 639; x_wconf 86' lang='lat' dir='ltr'>introitus</span> <span class='ocrx_word' id='word_1_47' title='bbox 1396 606 1433 639; x_wconf 92' lang='lat' dir='ltr'>in</span> <span class='ocrx_word' id='word_1_48' title='bbox 1458 605 1604 641; x_wconf 92' lang='lat' dir='ltr'>hortum</span> <span class='ocrx_word' id='word_1_49' title='bbox 1629 607 1790 657; x_wconf 77' lang='lat' dir='ltr'>zoologi-</span> 
     </span>
     <span class='ocr_line' id='line_1_8' title="bbox 219 665 1785 718; baseline 0.004 -18"><span class='ocrx_word' id='word_1_50' title='bbox 219 679 302 701; x_wconf 92' lang='lat' dir='ltr'>cum</span> <span class='ocrx_word' id='word_1_51' title='bbox 330 665 374 701; x_wconf 87' lang='lat' dir='ltr'>ad</span> <span class='ocrx_word' id='word_1_52' title='bbox 399 666 624 715; x_wconf 73' lang='lat' dir='ltr'>Conservam</span> <span class='ocrx_word' id='word_1_53' title='bbox 650 665 1146 714; x_wconf 80' lang='lat' dir='ltr'>bombycinam,floccosam</span> <span class='ocrx_word' id='word_1_54' title='bbox 1173 674 1209 702; x_wconf 89' lang='lat' dir='ltr'>et</span> <span class='ocrx_word' id='word_1_55' title='bbox 1229 666 1437 716; x_wconf 81' lang='lat' dir='ltr'>Oedogonii</span> <span class='ocrx_word' id='word_1_56' title='bbox 1459 671 1597 718; x_wconf 84' lang='lat' dir='ltr'>species</span> <span class='ocrx_word' id='word_1_57' title='bbox 1616 673 1785 715; x_wconf 88' lang='lat' dir='ltr'>minores,</span> 
     </span>
     <span class='ocr_line' id='line_1_9' title="bbox 217 729 1789 780; baseline 0.003 -15"><span class='ocrx_word' id='word_1_58' title='bbox 217 743 288 765; x_wconf 86' lang='lat' dir='ltr'>una</span> <span class='ocrx_word' id='word_1_59' title='bbox 307 743 390 765; x_wconf 89' lang='lat' dir='ltr'>cum</span> <span class='ocrx_word' id='word_1_60' title='bbox 418 729 660 780; x_wconf 83' lang='lat' dir='ltr'>praecedente</span> <span class='ocrx_word' id='word_1_61' title='bbox 681 737 716 765; x_wconf 86' lang='lat' dir='ltr'>et</span> <span class='ocrx_word' id='word_1_62' title='bbox 742 738 917 779; x_wconf 88' lang='lat' dir='ltr'>sequente</span> <span class='ocrx_word' id='word_1_63' title='bbox 947 730 1043 765; x_wconf 89' lang='lat' dir='ltr'>haud</span> <span class='ocrx_word' id='word_1_64' title='bbox 1070 743 1190 765; x_wconf 87' lang='lat' dir='ltr'>rarum</span> <span class='ocrx_word' id='word_1_65' title='bbox 1213 729 1329 778; x_wconf 87' lang='lat' dir='ltr'>(Majo</span> <span class='ocrx_word' id='word_1_66' title='bbox 1358 731 1482 773; x_wconf 76' lang='lat'>1854).</span> <span class='ocrx_word' id='word_1_67' title='bbox 1538 733 1580 767; x_wconf 92' lang='lat' dir='ltr'>In</span> <span class='ocrx_word' id='word_1_68' title='bbox 1604 737 1789 770; x_wconf 90' lang='lat' dir='ltr'>consortio</span> 
     </span>
     <span class='ocr_line' id='line_1_10' title="bbox 218 793 1790 843; baseline 0.004 -15"><span class='ocrx_word' id='word_1_69' title='bbox 218 801 403 843; x_wconf 83' lang='lat' dir='ltr'>praeterea</span> <span class='ocrx_word' id='word_1_70' title='bbox 429 801 646 829; x_wconf 86' lang='lat' dir='ltr'>occurrunt:</span> <span class='ocrx_word' id='word_1_71' title='bbox 695 793 951 841; x_wconf 77' lang='lat' dir='ltr'>Ophiocytium</span> <span class='ocrx_word' id='word_1_72' title='bbox 979 793 1170 829; x_wconf 77' lang='lat' dir='ltr'>cochleare</span> <span class='ocrx_word' id='word_1_73' title='bbox 1207 802 1242 829; x_wconf 92' lang='lat' dir='ltr'>et</span> <span class='ocrx_word' id='word_1_74' title='bbox 1263 796 1477 842; x_wconf 75' lang='lat' dir='ltr'>parvalum,</span> <span class='ocrx_word' id='word_1_75' title='bbox 1514 796 1790 834; x_wconf 71' lang='lat' dir='ltr'>Illlsclzococcus</span> 
     </span>
     <span class='ocr_line' id='line_1_11' title="bbox 216 856 1789 908; baseline 0.003 -16"><span class='ocrx_word' id='word_1_76' title='bbox 216 859 458 905; x_wconf 67' lang='lat' dir='ltr'>cmffervicola</span> <span class='ocrx_word' id='word_1_77' title='bbox 472 857 579 907; x_wconf 61' lang='lat' dir='ltr'>Nag„</span> <span class='ocrx_word' id='word_1_78' title='bbox 602 856 915 905; x_wconf 82' lang='lat' dir='ltr'>Palmodactylon</span> <span class='ocrx_word' id='word_1_79' title='bbox 933 863 1077 893; x_wconf 79' lang='lat' dir='ltr'>variam</span> <span class='ocrx_word' id='word_1_80' title='bbox 1095 857 1201 907; x_wconf 61' lang='lat' dir='ltr'>Na&#39;g„</span> <span class='ocrx_word' id='word_1_81' title='bbox 1225 857 1460 894; x_wconf 60' lang='lat' dir='ltr'>Asterollzrzlr</span> <span class='ocrx_word' id='word_1_82' title='bbox 1478 864 1592 905; x_wconf 73' lang='lat' dir='ltr'>tripus</span> <span class='ocrx_word' id='word_1_83' title='bbox 1610 861 1709 896; x_wconf 86' lang='lat' dir='ltr'>mihi.</span> <span class='ocrx_word' id='word_1_84' title='bbox 1733 863 1763 908; x_wconf 90' lang='lat'>(¹</span> <span class='ocrx_word' id='word_1_85' title='bbox 1778 867 1789 907; x_wconf 94' lang='lat'><strong>)</strong></span> 
     </span>
    </p>
   </div>
   <div class='ocr_carea' id='block_1_4' title="bbox 215 922 1788 1068">
    <p class='ocr_par' dir='ltr' id='par_1_5' title="bbox 215 922 1788 1068">
     <span class='ocr_line' id='line_1_12' title="bbox 1319 922 1741 974; baseline 0.007 -20"><span class='ocrx_word' id='word_1_86' title='bbox 1319 922 1537 972; x_wconf 30' lang='lat' dir='ltr'>ffiffo—lffimm]</span> <span class='ocrx_word' id='word_1_87' title='bbox 1565 928 1674 967; x_wconf 85' lang='lat' dir='ltr'>stipites</span> <span class='ocrx_word' id='word_1_88' title='bbox 1697 925 1741 974; x_wconf 48' lang='lat'>1³50</span> 
     </span>
     <span class='ocr_line' id='line_1_13' title="bbox 216 972 1788 1023; baseline 0.003 -18"><span class='ocrx_word' id='word_1_89' title='bbox 216 972 297 1023; x_wconf 70' lang='lat'>7¹5¹¹²¹¹¹‘</span> <span class='ocrx_word' id='word_1_90' title='bbox 316 977 436 1018; x_wconf 79' lang='lat' dir='ltr'>longae3</span> <span class='ocrx_word' id='word_1_91' title='bbox 463 978 555 1006; x_wconf 89' lang='lat' dir='ltr'>discus</span> <span class='ocrx_word' id='word_1_92' title='bbox 578 977 703 1006; x_wconf 85' lang='lat' dir='ltr'>basilaris</span> <span class='ocrx_word' id='word_1_93' title='bbox 724 979 835 1014; x_wconf 79' lang='lat' dir='ltr'>minor,</span> <span class='ocrx_word' id='word_1_94' title='bbox 860 978 1045 1014; x_wconf 82' lang='lat' dir='ltr'>rotundatus⁷</span> <span class='ocrx_word' id='word_1_95' title='bbox 1070 988 1226 1014; x_wconf 87' lang='lat' dir='ltr'>convexus,</span> <span class='ocrx_word' id='word_1_96' title='bbox 1251 978 1354 1007; x_wconf 87' lang='lat' dir='ltr'>fuscus.</span> <span class='ocrx_word' id='word_1_97' title='bbox 1396 979 1488 1007; x_wconf 82' lang='lat' dir='ltr'>Massa</span> <span class='ocrx_word' id='word_1_98' title='bbox 1510 979 1588 1008; x_wconf 84' lang='lat' dir='ltr'>fusca</span> <span class='ocrx_word' id='word_1_99' title='bbox 1609 991 1623 1008; x_wconf 85' lang='lat' dir='ltr'>a</span> <span class='ocrx_word' id='word_1_100' title='bbox 1644 980 1788 1019; x_wconf 86' lang='lat' dir='ltr'>stipitibus</span> 
     </span>
     <span class='ocr_line' id='line_1_14' title="bbox 215 1028 1788 1068; baseline 0.003 -11"><span class='ocrx_word' id='word_1_101' title='bbox 215 1028 381 1057; x_wconf 86' lang='lat' dir='ltr'>cellularum</span> <span class='ocrx_word' id='word_1_102' title='bbox 397 1028 537 1057; x_wconf 88' lang='lat' dir='ltr'>umbellae</span> <span class='ocrx_word' id='word_1_103' title='bbox 552 1028 671 1057; x_wconf 84' lang='lat' dir='ltr'>formata</span> <span class='ocrx_word' id='word_1_104' title='bbox 686 1028 714 1057; x_wconf 88' lang='lat' dir='ltr'>in</span> <span class='ocrx_word' id='word_1_105' title='bbox 731 1029 859 1058; x_wconf 80' lang='lat' dir='ltr'>cellulam</span> <span class='ocrx_word' id='word_1_106' title='bbox 875 1029 1038 1068; x_wconf 83' lang='lat' dir='ltr'>primariam</span> <span class='ocrx_word' id='word_1_107' title='bbox 1060 1040 1175 1058; x_wconf 87' lang='lat' dir='ltr'>vacuam</span> <span class='ocrx_word' id='word_1_108' title='bbox 1198 1040 1298 1068; x_wconf 88' lang='lat' dir='ltr'>parum</span> <span class='ocrx_word' id='word_1_109' title='bbox 1319 1029 1504 1059; x_wconf 84' lang='lat' dir='ltr'>descendens.</span> <span class='ocrx_word' id='word_1_110' title='bbox 1541 1030 1687 1060; x_wconf 79' lang='lat' dir='ltr'>Umbellas</span> <span class='ocrx_word' id='word_1_111' title='bbox 1710 1043 1788 1061; x_wconf 86' lang='lat' dir='ltr'>com-</span> 
     </span>
    </p>
   </div>
   <div class='ocr_carea' id='block_1_5' title="bbox 356 926 1302 966">
    <p class='ocr_par' dir='ltr' id='par_1_6' title="bbox 356 926 1302 966">
     <span class='ocr_line' id='line_1_15' title="bbox 356 926 1302 966; baseline 0.001 -12"><span class='ocrx_word' id='word_1_112' title='bbox 356 926 483 955; x_wconf 87' lang='lat' dir='ltr'>Cellulae</span> <span class='ocrx_word' id='word_1_113' title='bbox 499 937 581 965; x_wconf 90' lang='lat' dir='ltr'>quam</span> <span class='ocrx_word' id='word_1_114' title='bbox 597 926 626 955; x_wconf 92' lang='lat' dir='ltr'>in</span> <span class='ocrx_word' id='word_1_115' title='bbox 640 929 686 954; x_wconf 82' lang='lat' dir='ltr'>Sc.</span> <span class='ocrx_word' id='word_1_116' title='bbox 701 930 855 954; x_wconf 80' lang='lat' dir='ltr'>arbuscula</span> <span class='ocrx_word' id='word_1_117' title='bbox 870 926 955 966; x_wconf 85' lang='lat' dir='ltr'>paulo</span> <span class='ocrx_word' id='word_1_118' title='bbox 974 926 1142 963; x_wconf 77' lang='lat' dir='ltr'>crassiores,</span> <span class='ocrx_word' id='word_1_119' title='bbox 1162 927 1302 956; x_wconf 84' lang='lat' dir='ltr'>diametro</span> 
     </span>
    </p>
   </div>
   <div class='ocr_carea' id='block_1_6' title="bbox 213 1079 1785 1315">
    <p class='ocr_par' dir='ltr' id='par_1_7' title="bbox 213 1079 1785 1315">
     <span class='ocr_line' id='line_1_16' title="bbox 214 1079 717 1119; baseline 0 -11"><span class='ocrx_word' id='word_1_120' title='bbox 214 1080 321 1119; x_wconf 89' lang='lat' dir='ltr'>positas</span> <span class='ocrx_word' id='word_1_121' title='bbox 340 1080 369 1108; x_wconf 88' lang='lat' dir='ltr'>in</span> <span class='ocrx_word' id='word_1_122' title='bbox 390 1080 440 1109; x_wconf 90' lang='lat' dir='ltr'>hac</span> <span class='ocrx_word' id='word_1_123' title='bbox 459 1080 554 1119; x_wconf 90' lang='lat' dir='ltr'>specie</span> <span class='ocrx_word' id='word_1_124' title='bbox 573 1090 631 1108; x_wconf 93' lang='lat' dir='ltr'>non</span> <span class='ocrx_word' id='word_1_125' title='bbox 651 1079 717 1108; x_wconf 91' lang='lat' dir='ltr'>vidi.</span> 
     </span>
     <span class='ocr_line' id='line_1_17' title="bbox 351 1137 1785 1188; baseline 0.003 -15"><span class='ocrx_word' id='word_1_126' title='bbox 351 1138 386 1173; x_wconf 84' lang='lat'>3.</span> <span class='ocrx_word' id='word_1_127' title='bbox 419 1138 476 1173; x_wconf 89' lang='lat' dir='ltr'>Sc.</span> <span class='ocrx_word' id='word_1_128' title='bbox 496 1145 763 1173; x_wconf 77' lang='lat' dir='ltr'>mucronatum.</span> <span class='ocrx_word' id='word_1_129' title='bbox 790 1137 1012 1188; x_wconf 86' lang='lat' dir='ltr'>Simpliciter</span> <span class='ocrx_word' id='word_1_130' title='bbox 1029 1137 1288 1183; x_wconf 75' lang='lat' dir='ltr'>umbellatu1n3</span> <span class='ocrx_word' id='word_1_131' title='bbox 1321 1138 1473 1174; x_wconf 83' lang='lat' dir='ltr'>cellulae</span> <span class='ocrx_word' id='word_1_132' title='bbox 1493 1147 1611 1175; x_wconf 87' lang='lat' dir='ltr'>rectae</span> <span class='ocrx_word' id='word_1_133' title='bbox 1631 1149 1691 1176; x_wconf 91' lang='lat' dir='ltr'>aut</span> <span class='ocrx_word' id='word_1_134' title='bbox 1705 1154 1785 1185; x_wconf 84' lang='lat' dir='ltr'>cur-</span> 
     </span>
     <span class='ocr_line' id='line_1_18' title="bbox 213 1202 1749 1253; baseline 0.003 -17"><span class='ocrx_word' id='word_1_135' title='bbox 213 1209 326 1246; x_wconf 86' lang='lat' dir='ltr'>vatae,</span> <span class='ocrx_word' id='word_1_136' title='bbox 349 1204 451 1251; x_wconf 89' lang='lat' dir='ltr'>apice</span> <span class='ocrx_word' id='word_1_137' title='bbox 470 1209 722 1245; x_wconf 79' lang='lat' dir='ltr'>mucronatae3</span> <span class='ocrx_word' id='word_1_138' title='bbox 753 1203 890 1251; x_wconf 87' lang='lat' dir='ltr'>stipites</span> <span class='ocrx_word' id='word_1_139' title='bbox 910 1204 1104 1237; x_wconf 88' lang='lat' dir='ltr'>crassitiem</span> <span class='ocrx_word' id='word_1_140' title='bbox 1124 1202 1278 1237; x_wconf 86' lang='lat' dir='ltr'>cellulae</span> <span class='ocrx_word' id='word_1_141' title='bbox 1297 1202 1522 1252; x_wconf 81' lang='lat' dir='ltr'>longitudine</span> <span class='ocrx_word' id='word_1_142' title='bbox 1542 1213 1749 1253; x_wconf 85' lang='lat' dir='ltr'>aequantes.</span> 
     </span>
     <span class='ocr_line' id='line_1_19' title="bbox 350 1264 1298 1315; baseline 0 -15"><span class='ocrx_word' id='word_1_143' title='bbox 350 1265 513 1301; x_wconf 89' lang='lat' dir='ltr'>Berolini</span> <span class='ocrx_word' id='word_1_144' title='bbox 531 1279 615 1300; x_wconf 90' lang='lat' dir='ltr'>cum</span> <span class='ocrx_word' id='word_1_145' title='bbox 633 1264 874 1315; x_wconf 88' lang='lat' dir='ltr'>praecedente</span> <span class='ocrx_word' id='word_1_146' title='bbox 893 1268 1026 1315; x_wconf 90' lang='lat' dir='ltr'>specie,</span> <span class='ocrx_word' id='word_1_147' title='bbox 1051 1265 1115 1301; x_wconf 88' lang='lat' dir='ltr'>sed</span> <span class='ocrx_word' id='word_1_148' title='bbox 1134 1278 1298 1315; x_wconf 87' lang='lat' dir='ltr'>perraro.</span> 
     </span>
    </p>
   </div>
   <div class='ocr_carea' id='block_1_7' title="bbox 212 1329 1666 1476">
    <p class='ocr_par' dir='ltr' id='par_1_8' title="bbox 212 1329 1267 1424">
     <span class='ocr_line' id='line_1_20' title="bbox 803 1329 988 1357; baseline -0.011 -8"><span class='ocrx_word' id='word_1_149' title='bbox 803 1329 888 1357; x_wconf 36' lang='grc' dir='ltr'>βπ-</span> <span class='ocrx_word' id='word_1_150' title='bbox 913 1329 920 1349; x_wconf 87' lang='lat'>1</span> <span class='ocrx_word' id='word_1_151' title='bbox 943 1336 988 1347; x_wconf 77' lang='lat' dir='ltr'>mm.</span> 
     </span>
     <span class='ocr_line' id='line_1_21' title="bbox 800 1358 938 1379; baseline 0.007 -1"><span class='ocrx_word' id='word_1_152' title='bbox 800 1358 846 1378; x_wconf 58' lang='lat'>:00</span> <span class='ocrx_word' id='word_1_153' title='bbox 895 1358 938 1379; x_wconf 80' lang='grc'>150</span> 
     </span>
     <span class='ocr_line' id='line_1_22' title="bbox 212 1385 1267 1424; baseline 0 -11"><span class='ocrx_word' id='word_1_154' title='bbox 212 1385 302 1414; x_wconf 84' lang='lat' dir='ltr'>silaris</span> <span class='ocrx_word' id='word_1_155' title='bbox 323 1391 355 1413; x_wconf 91' lang='lat' dir='ltr'>ut</span> <span class='ocrx_word' id='word_1_156' title='bbox 374 1385 403 1413; x_wconf 93' lang='lat' dir='ltr'>in</span> <span class='ocrx_word' id='word_1_157' title='bbox 426 1385 624 1424; x_wconf 79' lang='lat' dir='ltr'>praecedente.</span> <span class='ocrx_word' id='word_1_158' title='bbox 666 1386 768 1413; x_wconf 86' lang='lat' dir='ltr'>Mucro</span> <span class='ocrx_word' id='word_1_159' title='bbox 783 1385 898 1423; x_wconf 80' lang='lat' dir='ltr'>apicalis</span> <span class='ocrx_word' id='word_1_160' title='bbox 919 1385 1016 1423; x_wconf 78' lang='lat' dir='ltr'>stipite</span> <span class='ocrx_word' id='word_1_161' title='bbox 1036 1385 1121 1423; x_wconf 90' lang='lat' dir='ltr'>paulo</span> <span class='ocrx_word' id='word_1_162' title='bbox 1142 1385 1267 1413; x_wconf 88' lang='lat' dir='ltr'>brevior.</span> 
     </span>
    </p>

    <p class='ocr_par' dir='ltr' id='par_1_9' title="bbox 350 1426 1666 1476">
     <span class='ocr_line' id='line_1_23' title="bbox 350 1426 1666 1476; baseline 0.003 -12"><span class='ocrx_word' id='word_1_163' title='bbox 350 1436 442 1465; x_wconf 85' lang='lat' dir='ltr'>Huius</span> <span class='ocrx_word' id='word_1_164' title='bbox 462 1436 518 1464; x_wconf 87' lang='lat' dir='ltr'>loci</span> <span class='ocrx_word' id='word_1_165' title='bbox 538 1436 634 1464; x_wconf 80' lang='lat' dir='ltr'>forsan</span> <span class='ocrx_word' id='word_1_166' title='bbox 655 1438 854 1472; x_wconf 76' lang='lat' dir='ltr'>Ophiocylae&#39;um</span> <span class='ocrx_word' id='word_1_167' title='bbox 870 1440 1016 1464; x_wconf 71' lang='lat' dir='ltr'>cochleare</span> <span class='ocrx_word' id='word_1_168' title='bbox 1030 1426 1067 1465; x_wconf 60' lang='grc' dir='ltr'>Β.</span> <span class='ocrx_word' id='word_1_169' title='bbox 1083 1445 1285 1464; x_wconf 77' lang='lat' dir='ltr'>mucronatum</span> <span class='ocrx_word' id='word_1_170' title='bbox 1303 1448 1330 1476; x_wconf 92' lang='lat' dir='ltr'>p.</span> <span class='ocrx_word' id='word_1_171' title='bbox 1342 1437 1382 1466; x_wconf 66' lang='grc'>54.</span> <span class='ocrx_word' id='word_1_172' title='bbox 1400 1444 1666 1468; x_wconf 80' lang='lat' dir='ltr'>commemoratum.</span> 
     </span>
    </p>
   </div>
   <div class='ocr_carea' id='block_1_8' title="bbox 1006 1329 1465 1373">
    <p class='ocr_par' dir='ltr' id='par_1_10' title="bbox 1006 1329 1465 1373">
     <span class='ocr_line' id='line_1_24' title="bbox 1006 1329 1465 1373; baseline 0.002 -11"><span class='ocrx_word' id='word_1_173' title='bbox 1006 1345 1128 1368; x_wconf 86' lang='lat' dir='ltr'>crassae;</span> <span class='ocrx_word' id='word_1_174' title='bbox 1151 1334 1262 1373; x_wconf 86' lang='lat' dir='ltr'>stipites</span> <span class='ocrx_word' id='word_1_175' title='bbox 1277 1360 1280 1364; x_wconf 22' lang='grc' dir='ltr'><em>Δ</em></span> <span class='ocrx_word' id='word_1_176' title='bbox 1296 1329 1303 1349; x_wconf 75' lang='lat'><strong>¹</strong></span> <span class='ocrx_word' id='word_1_177' title='bbox 1389 1330 1465 1354; x_wconf 35' lang='lat'>¹⁷2¹¹¹&#39;⁷¹⁴</span> 
     </span>
    </p>
   </div>
   <div class='ocr_carea' id='block_1_9' title="bbox 353 1334 1786 1380">
    <p class='ocr_par' dir='ltr' id='par_1_11' title="bbox 353 1334 1786 1380">
     <span class='ocr_line' id='line_1_25' title="bbox 353 1334 1786 1380; baseline 0.003 -17"><span class='ocrx_word' id='word_1_178' title='bbox 353 1335 470 1373; x_wconf 86' lang='lat' dir='ltr'>Species</span> <span class='ocrx_word' id='word_1_179' title='bbox 492 1334 628 1375; x_wconf 86' lang='lat' dir='ltr'>insignis!</span> <span class='ocrx_word' id='word_1_180' title='bbox 657 1334 785 1363; x_wconf 87' lang='lat' dir='ltr'>Cellulae</span> <span class='ocrx_word' id='word_1_181' title='bbox 1277 1351 1415 1380; x_wconf 51' lang='lat' dir='ltr'>[Ob—1⁷50</span> <span class='ocrx_word' id='word_1_182' title='bbox 1482 1335 1600 1376; x_wconf 84' lang='lat' dir='ltr'>longae;</span> <span class='ocrx_word' id='word_1_183' title='bbox 1627 1337 1718 1367; x_wconf 87' lang='lat' dir='ltr'>discus</span> <span class='ocrx_word' id='word_1_184' title='bbox 1737 1338 1786 1367; x_wconf 89' lang='lat' dir='ltr'>ba-</span> 
     </span>
    </p>
   </div>
   <div class='ocr_carea' id='block_1_10' title="bbox 208 1486 1784 2295">
    <p class='ocr_par' dir='ltr' id='par_1_12' title="bbox 209 1486 1784 2090">
     <span class='ocr_line' id='line_1_26' title="bbox 350 1486 1784 1525; baseline 0.003 -10"><span class='ocrx_word' id='word_1_185' title='bbox 350 1487 383 1515; x_wconf 83' lang='lat' dir='ltr'>P.</span> <span class='ocrx_word' id='word_1_186' title='bbox 396 1493 439 1516; x_wconf 75' lang='lat'>53.</span> <span class='ocrx_word' id='word_1_187' title='bbox 473 1487 562 1523; x_wconf 84' lang='lat' dir='ltr'>Quod</span> <span class='ocrx_word' id='word_1_188' title='bbox 577 1487 610 1515; x_wconf 86' lang='lat' dir='ltr'>ad</span> <span class='ocrx_word' id='word_1_189' title='bbox 625 1486 840 1515; x_wconf 84' lang='lat' dir='ltr'>observationes</span> <span class='ocrx_word' id='word_1_190' title='bbox 857 1487 890 1515; x_wconf 87' lang='lat' dir='ltr'>de</span> <span class='ocrx_word' id='word_1_191' title='bbox 905 1487 1005 1515; x_wconf 85' lang='lat' dir='ltr'>intima</span> <span class='ocrx_word' id='word_1_192' title='bbox 1017 1490 1181 1523; x_wconf 70' lang='lat' dir='ltr'>Opln&#39;mytii</span> <span class='ocrx_word' id='word_1_193' title='bbox 1193 1493 1222 1515; x_wconf 84' lang='lat' dir='ltr'>et</span> <span class='ocrx_word' id='word_1_194' title='bbox 1230 1490 1341 1515; x_wconf 81' lang='lat' dir='ltr'>Scz&#39;adz&#39;i</span> <span class='ocrx_word' id='word_1_195' title='bbox 1357 1488 1494 1517; x_wconf 80' lang='lat' dir='ltr'>affinitate</span> <span class='ocrx_word' id='word_1_196' title='bbox 1508 1489 1620 1525; x_wconf 81' lang='lat' dir='ltr'>attinet,</span> <span class='ocrx_word' id='word_1_197' title='bbox 1639 1490 1784 1520; x_wconf 84' lang='lat' dir='ltr'>fatendum</span> 
     </span>
     <span class='ocr_line' id='line_1_27' title="bbox 211 1537 1784 1579; baseline 0.001 -13"><span class='ocrx_word' id='word_1_198' title='bbox 211 1538 334 1576; x_wconf 90' lang='lat' dir='ltr'>denique</span> <span class='ocrx_word' id='word_1_199' title='bbox 349 1544 405 1573; x_wconf 87' lang='lat' dir='ltr'>est,</span> <span class='ocrx_word' id='word_1_200' title='bbox 424 1538 492 1566; x_wconf 77' lang='lat' dir='ltr'>haec</span> <span class='ocrx_word' id='word_1_201' title='bbox 507 1548 628 1577; x_wconf 80' lang='lat' dir='ltr'>genera,</span> <span class='ocrx_word' id='word_1_202' title='bbox 648 1543 797 1576; x_wconf 85' lang='lat' dir='ltr'>postquam</span> <span class='ocrx_word' id='word_1_203' title='bbox 815 1537 921 1565; x_wconf 87' lang='lat' dir='ltr'>Sciadii</span> <span class='ocrx_word' id='word_1_204' title='bbox 941 1538 1048 1575; x_wconf 87' lang='lat' dir='ltr'>species</span> <span class='ocrx_word' id='word_1_205' title='bbox 1069 1537 1221 1566; x_wconf 83' lang='lat' dir='ltr'>umbellam</span> <span class='ocrx_word' id='word_1_206' title='bbox 1241 1538 1400 1577; x_wconf 85' lang='lat' dir='ltr'>simplicem</span> <span class='ocrx_word' id='word_1_207' title='bbox 1420 1545 1531 1568; x_wconf 83' lang='lat' dir='ltr'>tantum</span> <span class='ocrx_word' id='word_1_208' title='bbox 1553 1541 1736 1579; x_wconf 83' lang='lat' dir='ltr'>proferentes</span> <span class='ocrx_word' id='word_1_209' title='bbox 1756 1549 1784 1571; x_wconf 79' lang='lat' dir='ltr'>et</span> 
     </span>
     <span class='ocr_line' id='line_1_28' title="bbox 211 1588 1783 1630; baseline 0.003 -13"><span class='ocrx_word' id='word_1_210' title='bbox 211 1589 320 1617; x_wconf 89' lang='lat' dir='ltr'>cellulis</span> <span class='ocrx_word' id='word_1_211' title='bbox 336 1599 412 1617; x_wconf 87' lang='lat' dir='ltr'>nunc</span> <span class='ocrx_word' id='word_1_212' title='bbox 426 1588 523 1624; x_wconf 78' lang='lat' dir='ltr'>rectis,</span> <span class='ocrx_word' id='word_1_213' title='bbox 538 1600 615 1616; x_wconf 91' lang='lat' dir='ltr'>nunc</span> <span class='ocrx_word' id='word_1_214' title='bbox 630 1589 751 1616; x_wconf 85' lang='lat' dir='ltr'>curvatis</span> <span class='ocrx_word' id='word_1_215' title='bbox 768 1588 897 1616; x_wconf 87' lang='lat' dir='ltr'>ludentes</span> <span class='ocrx_word' id='word_1_216' title='bbox 913 1589 1047 1627; x_wconf 83' lang='lat' dir='ltr'>cognitae</span> <span class='ocrx_word' id='word_1_217' title='bbox 1061 1595 1136 1624; x_wconf 80' lang='lat' dir='ltr'>sunt,</span> <span class='ocrx_word' id='word_1_218' title='bbox 1156 1599 1213 1617; x_wconf 91' lang='lat' dir='ltr'>non</span> <span class='ocrx_word' id='word_1_219' title='bbox 1229 1589 1349 1628; x_wconf 86' lang='lat' dir='ltr'>amplius</span> <span class='ocrx_word' id='word_1_220' title='bbox 1363 1590 1487 1628; x_wconf 79' lang='lat' dir='ltr'>separari</span> <span class='ocrx_word' id='word_1_221' title='bbox 1502 1602 1584 1630; x_wconf 87' lang='lat' dir='ltr'>posse</span> <span class='ocrx_word' id='word_1_222' title='bbox 1600 1598 1628 1620; x_wconf 89' lang='lat' dir='ltr'>et</span> <span class='ocrx_word' id='word_1_223' title='bbox 1641 1593 1783 1622; x_wconf 85' lang='lat' dir='ltr'>sectiones</span> 
     </span>
     <span class='ocr_line' id='line_1_29' title="bbox 212 1638 1783 1679; baseline 0.003 -11"><span class='ocrx_word' id='word_1_224' title='bbox 212 1640 294 1668; x_wconf 90' lang='lat' dir='ltr'>unius</span> <span class='ocrx_word' id='word_1_225' title='bbox 322 1639 436 1679; x_wconf 85' lang='lat' dir='ltr'>generis</span> <span class='ocrx_word' id='word_1_226' title='bbox 466 1639 594 1667; x_wconf 84' lang='lat' dir='ltr'>habenda</span> <span class='ocrx_word' id='word_1_227' title='bbox 619 1649 688 1667; x_wconf 88' lang='lat' dir='ltr'>esse.</span> <span class='ocrx_word' id='word_1_228' title='bbox 731 1638 775 1667; x_wconf 88' lang='lat' dir='ltr'>Cl.</span> <span class='ocrx_word' id='word_1_229' title='bbox 798 1639 979 1678; x_wconf 83' lang='lat' dir='ltr'>Pringsheim</span> <span class='ocrx_word' id='word_1_230' title='bbox 1006 1650 1098 1677; x_wconf 87' lang='lat' dir='ltr'>nuper</span> <span class='ocrx_word' id='word_1_231' title='bbox 1116 1640 1271 1678; x_wconf 89' lang='lat' dir='ltr'>specimina</span> <span class='ocrx_word' id='word_1_232' title='bbox 1290 1641 1428 1669; x_wconf 81' lang='lat' dir='ltr'>nonnulla</span> <span class='ocrx_word' id='word_1_233' title='bbox 1445 1644 1609 1679; x_wconf 72' lang='lat' dir='ltr'>Ophiocytii</span> <span class='ocrx_word' id='word_1_234' title='bbox 1627 1648 1783 1672; x_wconf 75' lang='lat' dir='ltr'>cochlearis</span> 
     </span>
     <span class='ocr_line' id='line_1_30' title="bbox 212 1690 1781 1733; baseline 0.003 -14"><span class='ocrx_word' id='word_1_235' title='bbox 212 1691 375 1719; x_wconf 85' lang='lat' dir='ltr'>observavit</span> <span class='ocrx_word' id='word_1_236' title='bbox 394 1690 519 1730; x_wconf 83' lang='lat' dir='ltr'>gonidiis</span> <span class='ocrx_word' id='word_1_237' title='bbox 540 1690 669 1728; x_wconf 89' lang='lat' dir='ltr'>pluribus</span> <span class='ocrx_word' id='word_1_238' title='bbox 692 1690 766 1718; x_wconf 84' lang='lat' dir='ltr'>intra</span> <span class='ocrx_word' id='word_1_239' title='bbox 791 1690 921 1718; x_wconf 90' lang='lat' dir='ltr'>cellulam</span> <span class='ocrx_word' id='word_1_240' title='bbox 942 1690 1116 1718; x_wconf 83' lang='lat' dir='ltr'>matricalem</span> <span class='ocrx_word' id='word_1_241' title='bbox 1138 1697 1263 1729; x_wconf 84' lang='lat' dir='ltr'>apertam</span> <span class='ocrx_word' id='word_1_242' title='bbox 1285 1692 1408 1721; x_wconf 87' lang='lat' dir='ltr'>retentis</span> <span class='ocrx_word' id='word_1_243' title='bbox 1429 1692 1526 1731; x_wconf 84' lang='lat' dir='ltr'>ibique</span> <span class='ocrx_word' id='word_1_244' title='bbox 1544 1695 1781 1733; x_wconf 76' lang='lat' dir='ltr'>germinantibus.</span> 
     </span>
     <span class='ocr_line' id='line_1_31' title="bbox 211 1741 1782 1782; baseline 0.003 -12"><span class='ocrx_word' id='word_1_245' title='bbox 211 1743 323 1770; x_wconf 90' lang='lat' dir='ltr'>Horum</span> <span class='ocrx_word' id='word_1_246' title='bbox 342 1741 484 1780; x_wconf 83' lang='lat' dir='ltr'>plantulae</span> <span class='ocrx_word' id='word_1_247' title='bbox 500 1741 670 1781; x_wconf 77' lang='lat' dir='ltr'>germinales</span> <span class='ocrx_word' id='word_1_248' title='bbox 687 1747 852 1770; x_wconf 81' lang='lat' dir='ltr'>constanter</span> <span class='ocrx_word' id='word_1_249' title='bbox 866 1742 1011 1780; x_wconf 88' lang='lat' dir='ltr'>positione</span> <span class='ocrx_word' id='word_1_250' title='bbox 1026 1741 1138 1770; x_wconf 86' lang='lat' dir='ltr'>inversa</span> <span class='ocrx_word' id='word_1_251' title='bbox 1153 1743 1170 1770; x_wconf 92' lang='lat' dir='ltr'>i.</span> <span class='ocrx_word' id='word_1_252' title='bbox 1192 1753 1215 1770; x_wconf 93' lang='lat' dir='ltr'>e.</span> <span class='ocrx_word' id='word_1_253' title='bbox 1231 1743 1327 1781; x_wconf 87' lang='lat' dir='ltr'>stipite</span> <span class='ocrx_word' id='word_1_254' title='bbox 1347 1743 1379 1771; x_wconf 88' lang='lat' dir='ltr'>ad</span> <span class='ocrx_word' id='word_1_255' title='bbox 1401 1750 1561 1782; x_wconf 84' lang='lat' dir='ltr'>aperturam</span> <span class='ocrx_word' id='word_1_256' title='bbox 1583 1745 1700 1774; x_wconf 87' lang='lat' dir='ltr'>cellulae</span> <span class='ocrx_word' id='word_1_257' title='bbox 1725 1757 1782 1774; x_wconf 86' lang='lat' dir='ltr'>ma-</span> 
     </span>
     <span class='ocr_line' id='line_1_32' title="bbox 209 1792 1781 1836; baseline 0.003 -15"><span class='ocrx_word' id='word_1_258' title='bbox 209 1792 315 1821; x_wconf 85' lang='lat' dir='ltr'>tricalis</span> <span class='ocrx_word' id='word_1_259' title='bbox 330 1799 477 1831; x_wconf 87' lang='lat' dir='ltr'>spectante</span> <span class='ocrx_word' id='word_1_260' title='bbox 498 1792 572 1821; x_wconf 87' lang='lat' dir='ltr'>intra</span> <span class='ocrx_word' id='word_1_261' title='bbox 592 1792 690 1820; x_wconf 90' lang='lat' dir='ltr'>tubum</span> <span class='ocrx_word' id='word_1_262' title='bbox 706 1792 825 1821; x_wconf 85' lang='lat' dir='ltr'>seriatae</span> <span class='ocrx_word' id='word_1_263' title='bbox 845 1798 936 1820; x_wconf 84' lang='lat' dir='ltr'>erant.</span> <span class='ocrx_word' id='word_1_264' title='bbox 966 1792 1031 1829; x_wconf 87' lang='lat' dir='ltr'>Qua</span> <span class='ocrx_word' id='word_1_265' title='bbox 1046 1792 1248 1821; x_wconf 87' lang='lat' dir='ltr'>observatione</span> <span class='ocrx_word' id='word_1_266' title='bbox 1265 1794 1384 1822; x_wconf 83' lang='lat' dir='ltr'>indicari</span> <span class='ocrx_word' id='word_1_267' title='bbox 1399 1794 1512 1823; x_wconf 85' lang='lat' dir='ltr'>videtur</span> <span class='ocrx_word' id='word_1_268' title='bbox 1526 1795 1695 1836; x_wconf 83' lang='lat' dir='ltr'>Ophiocytii</span> <span class='ocrx_word' id='word_1_269' title='bbox 1710 1808 1781 1826; x_wconf 87' lang='lat' dir='ltr'>zoo-</span> 
     </span>
     <span class='ocr_line' id='line_1_33' title="bbox 209 1843 1780 1886; baseline 0.003 -14"><span class='ocrx_word' id='word_1_270' title='bbox 209 1843 326 1884; x_wconf 86' lang='lat' dir='ltr'>gonidia</span> <span class='ocrx_word' id='word_1_271' title='bbox 342 1844 510 1872; x_wconf 81' lang='lat' dir='ltr'>normaliter</span> <span class='ocrx_word' id='word_1_272' title='bbox 524 1843 641 1872; x_wconf 88' lang='lat' dir='ltr'>rostello</span> <span class='ocrx_word' id='word_1_273' title='bbox 657 1843 777 1872; x_wconf 88' lang='lat' dir='ltr'>ciliifero</span> <span class='ocrx_word' id='word_1_274' title='bbox 792 1843 914 1872; x_wconf 88' lang='lat' dir='ltr'>obverso</span> <span class='ocrx_word' id='word_1_275' title='bbox 926 1845 1105 1881; x_wconf 72' lang='lat' dir='ltr'>(antu-orsum</span> <span class='ocrx_word' id='word_1_276' title='bbox 1120 1846 1282 1883; x_wconf 84' lang='lat' dir='ltr'>spectante)</span> <span class='ocrx_word' id='word_1_277' title='bbox 1297 1846 1384 1881; x_wconf 79' lang='lat' dir='ltr'>nasci,</span> <span class='ocrx_word' id='word_1_278' title='bbox 1400 1845 1465 1874; x_wconf 89' lang='lat' dir='ltr'>dum</span> <span class='ocrx_word' id='word_1_279' title='bbox 1482 1847 1509 1874; x_wconf 92' lang='lat' dir='ltr'>in</span> <span class='ocrx_word' id='word_1_280' title='bbox 1521 1846 1646 1884; x_wconf 82' lang='lat' dir='ltr'>Sciadio,</span> <span class='ocrx_word' id='word_1_281' title='bbox 1661 1848 1687 1876; x_wconf 89' lang='lat' dir='ltr'>id</span> <span class='ocrx_word' id='word_1_282' title='bbox 1704 1849 1780 1886; x_wconf 85' lang='lat' dir='ltr'>quod</span> 
     </span>
     <span class='ocr_line' id='line_1_34' title="bbox 210 1894 1779 1935; baseline 0.003 -12"><span class='ocrx_word' id='word_1_283' title='bbox 210 1906 242 1924; x_wconf 87' lang='lat' dir='ltr'>ex</span> <span class='ocrx_word' id='word_1_284' title='bbox 265 1895 451 1923; x_wconf 89' lang='lat' dir='ltr'>umbellarum</span> <span class='ocrx_word' id='word_1_285' title='bbox 476 1894 648 1923; x_wconf 84' lang='lat' dir='ltr'>formatione</span> <span class='ocrx_word' id='word_1_286' title='bbox 669 1900 760 1933; x_wconf 77' lang='lat' dir='ltr'>patet,</span> <span class='ocrx_word' id='word_1_287' title='bbox 781 1894 899 1923; x_wconf 88' lang='lat' dir='ltr'>rostello</span> <span class='ocrx_word' id='word_1_288' title='bbox 921 1894 1042 1923; x_wconf 88' lang='lat' dir='ltr'>ciliifero</span> <span class='ocrx_word' id='word_1_289' title='bbox 1057 1906 1155 1924; x_wconf 85' lang='lat' dir='ltr'>averso</span> <span class='ocrx_word' id='word_1_290' title='bbox 1172 1897 1343 1932; x_wconf 87' lang='lat' dir='ltr'>(retrorsum</span> <span class='ocrx_word' id='word_1_291' title='bbox 1355 1899 1515 1935; x_wconf 84' lang='lat' dir='ltr'>spectante)</span> <span class='ocrx_word' id='word_1_292' title='bbox 1531 1905 1694 1927; x_wconf 81' lang='lat' dir='ltr'>nascuntur.</span> <span class='ocrx_word' id='word_1_293' title='bbox 1723 1900 1779 1928; x_wconf 79' lang='lat' dir='ltr'>Sed</span> 
     </span>
     <span class='ocr_line' id='line_1_35' title="bbox 210 1945 1778 1985; baseline 0.003 -10"><span class='ocrx_word' id='word_1_294' title='bbox 210 1947 281 1975; x_wconf 83' lang='lat' dir='ltr'>hanc</span> <span class='ocrx_word' id='word_1_295' title='bbox 301 1957 414 1985; x_wconf 91' lang='lat' dir='ltr'>quoque</span> <span class='ocrx_word' id='word_1_296' title='bbox 436 1945 627 1974; x_wconf 81' lang='lat' dir='ltr'>differentiam</span> <span class='ocrx_word' id='word_1_297' title='bbox 651 1945 783 1973; x_wconf 88' lang='lat' dir='ltr'>vacillare</span> <span class='ocrx_word' id='word_1_298' title='bbox 806 1945 977 1985; x_wconf 88' lang='lat' dir='ltr'>Ophiocytii</span> <span class='ocrx_word' id='word_1_299' title='bbox 1002 1946 1158 1975; x_wconf 79' lang='lat' dir='ltr'>cochlearis</span> <span class='ocrx_word' id='word_1_300' title='bbox 1184 1947 1340 1985; x_wconf 85' lang='lat' dir='ltr'>specimina</span> <span class='ocrx_word' id='word_1_301' title='bbox 1371 1947 1549 1977; x_wconf 78' lang='lat' dir='ltr'>umbellifera</span> <span class='ocrx_word' id='word_1_302' title='bbox 1573 1950 1778 1980; x_wconf 82' lang='lat' dir='ltr'>demonstrant.</span> 
     </span>
     <span class='ocr_line' id='line_1_36' title="bbox 210 1996 1778 2042; baseline 0.003 -18"><span class='ocrx_word' id='word_1_303' title='bbox 210 1997 323 2033; x_wconf 86' lang='lat' dir='ltr'>Quodsi</span> <span class='ocrx_word' id='word_1_304' title='bbox 344 2000 506 2034; x_wconf 77' lang='lat' dir='ltr'>Ophiocytii</span> <span class='ocrx_word' id='word_1_305' title='bbox 522 2007 639 2032; x_wconf 90' lang='lat' dir='ltr'>nomen,</span> <span class='ocrx_word' id='word_1_306' title='bbox 657 1996 791 2025; x_wconf 80' lang='lat' dir='ltr'>ambabus</span> <span class='ocrx_word' id='word_1_307' title='bbox 811 1997 985 2025; x_wconf 86' lang='lat' dir='ltr'>sectionibus</span> <span class='ocrx_word' id='word_1_308' title='bbox 1007 1998 1120 2037; x_wconf 84' lang='lat' dir='ltr'>generis</span> <span class='ocrx_word' id='word_1_309' title='bbox 1135 1998 1207 2026; x_wconf 86' lang='lat' dir='ltr'>uniti</span> <span class='ocrx_word' id='word_1_310' title='bbox 1234 1998 1300 2026; x_wconf 88' lang='lat' dir='ltr'>satis</span> <span class='ocrx_word' id='word_1_311' title='bbox 1320 1998 1393 2027; x_wconf 87' lang='lat' dir='ltr'>bene</span> <span class='ocrx_word' id='word_1_312' title='bbox 1413 2000 1602 2036; x_wconf 78' lang='lat' dir='ltr'>conveniens,</span> <span class='ocrx_word' id='word_1_313' title='bbox 1629 2001 1663 2029; x_wconf 87' lang='lat' dir='ltr'>ad</span> <span class='ocrx_word' id='word_1_314' title='bbox 1684 2002 1778 2042; x_wconf 81' lang='lat' dir='ltr'>desig-</span> 
     </span>
     <span class='ocr_line' id='line_1_37' title="bbox 209 2047 1748 2090; baseline 0.003 -13"><span class='ocrx_word' id='word_1_315' title='bbox 209 2049 332 2077; x_wconf 77' lang='lat' dir='ltr'>nandum</span> <span class='ocrx_word' id='word_1_316' title='bbox 348 2059 438 2088; x_wconf 81' lang='lat' dir='ltr'>genus</span> <span class='ocrx_word' id='word_1_317' title='bbox 454 2053 547 2077; x_wconf 85' lang='lat' dir='ltr'>totum</span> <span class='ocrx_word' id='word_1_318' title='bbox 569 2047 740 2083; x_wconf 84' lang='lat' dir='ltr'>extenditur,</span> <span class='ocrx_word' id='word_1_319' title='bbox 758 2047 846 2076; x_wconf 80' lang='lat' dir='ltr'>altera</span> <span class='ocrx_word' id='word_1_320' title='bbox 863 2048 953 2077; x_wconf 86' lang='lat' dir='ltr'>sectio</span> <span class='ocrx_word' id='word_1_321' title='bbox 971 2051 1088 2081; x_wconf 81' lang='lat' dir='ltr'>Sciadii,</span> <span class='ocrx_word' id='word_1_322' title='bbox 1107 2049 1194 2077; x_wconf 83' lang='lat' dir='ltr'>altera</span> <span class='ocrx_word' id='word_1_323' title='bbox 1208 2051 1358 2078; x_wconf 80' lang='lat' dir='ltr'>Broclzidii</span> <span class='ocrx_word' id='word_1_324' title='bbox 1374 2060 1480 2079; x_wconf 89' lang='lat' dir='ltr'>nomen</span> <span class='ocrx_word' id='word_1_325' title='bbox 1499 2051 1624 2079; x_wconf 86' lang='lat' dir='ltr'>retinere</span> <span class='ocrx_word' id='word_1_326' title='bbox 1644 2058 1748 2090; x_wconf 84' lang='lat' dir='ltr'>potest.</span> 
     </span>
    </p>

    <p class='ocr_par' dir='ltr' id='par_1_13' title="bbox 208 2099 1778 2179">
     <span class='ocr_line' id='line_1_38' title="bbox 348 2099 1778 2142; baseline 0.003 -14"><span class='ocrx_word' id='word_1_327' title='bbox 348 2099 380 2128; x_wconf 92' lang='lat' dir='ltr'>P.</span> <span class='ocrx_word' id='word_1_328' title='bbox 396 2103 439 2128; x_wconf 76' lang='lat'>62.</span> <span class='ocrx_word' id='word_1_329' title='bbox 480 2099 526 2128; x_wconf 84' lang='lat' dir='ltr'>Ad</span> <span class='ocrx_word' id='word_1_330' title='bbox 545 2099 748 2128; x_wconf 79' lang='lat' dir='ltr'>habitationem</span> <span class='ocrx_word' id='word_1_331' title='bbox 771 2099 963 2139; x_wconf 87' lang='lat' dir='ltr'>Hydrodictyi</span> <span class='ocrx_word' id='word_1_332' title='bbox 984 2099 1070 2128; x_wconf 86' lang='lat' dir='ltr'>adde:</span> <span class='ocrx_word' id='word_1_333' title='bbox 1102 2100 1135 2128; x_wconf 92' lang='lat' dir='ltr'>In</span> <span class='ocrx_word' id='word_1_334' title='bbox 1158 2100 1244 2129; x_wconf 89' lang='lat' dir='ltr'>horto</span> <span class='ocrx_word' id='word_1_335' title='bbox 1266 2100 1403 2130; x_wconf 79' lang='lat' dir='ltr'>botanico</span> <span class='ocrx_word' id='word_1_336' title='bbox 1427 2101 1658 2142; x_wconf 83' lang='lat' dir='ltr'>Cantabrigiensi</span> <span class='ocrx_word' id='word_1_337' title='bbox 1680 2103 1778 2132; x_wconf 89' lang='lat' dir='ltr'>obser-</span> 
     </span>
     <span class='ocr_line' id='line_1_39' title="bbox 208 2150 442 2179; baseline 0 -1"><span class='ocrx_word' id='word_1_338' title='bbox 208 2150 283 2179; x_wconf 92' lang='lat' dir='ltr'>vavit</span> <span class='ocrx_word' id='word_1_339' title='bbox 294 2150 442 2179; x_wconf 88' lang='lat' dir='ltr'>Henslow.</span> 
     </span>
    </p>

    <p class='ocr_par' dir='ltr' id='par_1_14' title="bbox 208 2195 1776 2295">
     <span class='ocr_line' id='line_1_40' title="bbox 346 2195 1776 2242; baseline 0.003 -13"><span class='ocrx_word' id='word_1_340' title='bbox 346 2201 376 2229; x_wconf 93' lang='lat' dir='ltr'>P.</span> <span class='ocrx_word' id='word_1_341' title='bbox 392 2205 434 2230; x_wconf 79' lang='lat'>65.</span> <span class='ocrx_word' id='word_1_342' title='bbox 455 2195 621 2238; x_wconf 86' lang='lat' dir='ltr'>adnot.(⁷).</span> <span class='ocrx_word' id='word_1_343' title='bbox 664 2201 776 2229; x_wconf 88' lang='lat' dir='ltr'>Literae</span> <span class='ocrx_word' id='word_1_344' title='bbox 798 2200 997 2241; x_wconf 81' lang='lat' dir='ltr'>Agardhianae</span> <span class='ocrx_word' id='word_1_345' title='bbox 1027 2201 1252 2230; x_wconf 79' lang='lat' dir='ltr'>controversiam</span> <span class='ocrx_word' id='word_1_346' title='bbox 1282 2202 1316 2231; x_wconf 85' lang='lat' dir='ltr'>de</span> <span class='ocrx_word' id='word_1_347' title='bbox 1344 2203 1555 2242; x_wconf 74' lang='lat' dir='ltr'>significatione</span> <span class='ocrx_word' id='word_1_348' title='bbox 1577 2207 1776 2234; x_wconf 72' lang='lat' dir='ltr'>Micrasteriae</span> 
     </span>
     <span class='ocr_line' id='line_1_41' title="bbox 208 2251 1776 2295; baseline 0.003 -15"><span class='ocrx_word' id='word_1_349' title='bbox 208 2252 328 2280; x_wconf 88' lang='lat' dir='ltr'>omnino</span> <span class='ocrx_word' id='word_1_350' title='bbox 350 2251 514 2281; x_wconf 86' lang='lat' dir='ltr'>dirimentes</span> <span class='ocrx_word' id='word_1_351' title='bbox 536 2251 689 2281; x_wconf 85' lang='lat' dir='ltr'>verbaliter</span> <span class='ocrx_word' id='word_1_352' title='bbox 712 2252 780 2280; x_wconf 85' lang='lat' dir='ltr'>haec</span> <span class='ocrx_word' id='word_1_353' title='bbox 800 2258 881 2280; x_wconf 88' lang='lat' dir='ltr'>sunt:</span> <span class='ocrx_word' id='word_1_354' title='bbox 905 2274 922 2288; x_wconf 79' lang='lat'>„</span> <span class='ocrx_word' id='word_1_355' title='bbox 936 2274 942 2280; x_wconf 91' lang='lat'>.</span> <span class='ocrx_word' id='word_1_356' title='bbox 957 2274 964 2280; x_wconf 91' lang='lat'><strong>.</strong></span> <span class='ocrx_word' id='word_1_357' title='bbox 981 2252 1048 2280; x_wconf 76' lang='lat' dir='ltr'>.Icli</span> <span class='ocrx_word' id='word_1_358' title='bbox 1070 2252 1161 2281; x_wconf 82' lang='lat' dir='ltr'>beeile</span> <span class='ocrx_word' id='word_1_359' title='bbox 1181 2253 1254 2281; x_wconf 86' lang='lat' dir='ltr'>mich</span> <span class='ocrx_word' id='word_1_360' title='bbox 1278 2253 1323 2282; x_wconf 89' lang='lat' dir='ltr'>die</span> <span class='ocrx_word' id='word_1_361' title='bbox 1345 2254 1374 2282; x_wconf 85' lang='lat' dir='ltr'>in</span> <span class='ocrx_word' id='word_1_362' title='bbox 1396 2254 1489 2282; x_wconf 69' lang='lat' dir='ltr'>Ilii-em</span> <span class='ocrx_word' id='word_1_363' title='bbox 1511 2255 1606 2283; x_wconf 77' lang='lat' dir='ltr'>Briese</span> <span class='ocrx_word' id='word_1_364' title='bbox 1628 2257 1776 2295; x_wconf 85' lang='lat' dir='ltr'>gemachte</span> 
     </span>
    </p>
   </div>
   <div class='ocr_carea' id='block_1_11' title="bbox 207 2302 1776 2343">
    <p class='ocr_par' dir='ltr' id='par_1_15' title="bbox 207 2302 1776 2343">
     <span class='ocr_line' id='line_1_42' title="bbox 207 2302 1776 2343; baseline 0.003 -12"><span class='ocrx_word' id='word_1_365' title='bbox 207 2303 299 2343; x_wconf 87' lang='lat' dir='ltr'>Frage</span> <span class='ocrx_word' id='word_1_366' title='bbox 314 2303 467 2343; x_wconf 70' lang='lat' dir='ltr'>moglichst</span> <span class='ocrx_word' id='word_1_367' title='bbox 486 2303 690 2343; x_wconf 85' lang='lat' dir='ltr'>gewissenhaft</span> <span class='ocrx_word' id='word_1_368' title='bbox 709 2315 745 2331; x_wconf 89' lang='lat' dir='ltr'>zu</span> <span class='ocrx_word' id='word_1_369' title='bbox 765 2302 976 2332; x_wconf 88' lang='lat' dir='ltr'>beantworten.</span> <span class='ocrx_word' id='word_1_370' title='bbox 1015 2303 1053 2331; x_wconf 89' lang='lat' dir='ltr'>Es</span> <span class='ocrx_word' id='word_1_371' title='bbox 1074 2303 1185 2332; x_wconf 82' lang='lat' dir='ltr'>existirt</span> <span class='ocrx_word' id='word_1_372' title='bbox 1204 2304 1326 2332; x_wconf 65' lang='lat' dir='ltr'>niimlich</span> <span class='ocrx_word' id='word_1_373' title='bbox 1347 2305 1376 2333; x_wconf 89' lang='lat' dir='ltr'>in</span> <span class='ocrx_word' id='word_1_374' title='bbox 1398 2306 1460 2333; x_wconf 89' lang='lat' dir='ltr'>dem</span> <span class='ocrx_word' id='word_1_375' title='bbox 1475 2305 1646 2334; x_wconf 80' lang='lat' dir='ltr'>llerbarium</span> <span class='ocrx_word' id='word_1_376' title='bbox 1669 2308 1776 2338; x_wconf 86' lang='lat' dir='ltr'>meines</span> 
     </span>
    </p>
   </div>
   <div class='ocr_carea' id='block_1_12' title="bbox 243 2371 1769 2387">
    <p class='ocr_par' dir='ltr' id='par_1_16' title="bbox 243 2371 1769 2387">
     <span class='ocr_line' id='line_1_43' title="bbox 243 2371 1769 2387; baseline 0 0"><span class='ocrx_word' id='word_1_377' title='bbox 243 2371 1769 2387; x_wconf 95' lang='lat' dir='ltr'> </span> 
     </span>
    </p>
   </div>
   <div class='ocr_carea' id='block_1_13' title="bbox 282 2415 1775 2458">
    <p class='ocr_par' dir='ltr' id='par_1_17' title="bbox 282 2415 1775 2458">
     <span class='ocr_line' id='line_1_44' title="bbox 282 2415 1775 2458; baseline 0.004 -14"><span class='ocrx_word' id='word_1_378' title='bbox 282 2417 330 2453; x_wconf 86' lang='lat'>(¹)</span> <span class='ocrx_word' id='word_1_379' title='bbox 357 2415 489 2444; x_wconf 84' lang='lat' dir='ltr'>Plantula</span> <span class='ocrx_word' id='word_1_380' title='bbox 507 2416 702 2453; x_wconf 78' lang='lat' dir='ltr'>minutissima,</span> <span class='ocrx_word' id='word_1_381' title='bbox 721 2416 819 2453; x_wconf 83' lang='lat' dir='ltr'>libera,</span> <span class='ocrx_word' id='word_1_382' title='bbox 839 2417 1006 2445; x_wconf 86' lang='lat' dir='ltr'>dilutissime</span> <span class='ocrx_word' id='word_1_383' title='bbox 1025 2416 1252 2457; x_wconf 84' lang='lat' dir='ltr'>glauco-virens.</span> <span class='ocrx_word' id='word_1_384' title='bbox 1288 2417 1380 2446; x_wconf 90' lang='lat' dir='ltr'>Filum</span> <span class='ocrx_word' id='word_1_385' title='bbox 1400 2417 1534 2458; x_wconf 81' lang='lat' dir='ltr'>rigidum⁷</span> <span class='ocrx_word' id='word_1_386' title='bbox 1552 2419 1686 2458; x_wconf 89' lang='lat' dir='ltr'>utrinque</span> <span class='ocrx_word' id='word_1_387' title='bbox 1704 2427 1775 2450; x_wconf 88' lang='lat' dir='ltr'>atte-</span> 
     </span>
    </p>
   </div>
   <div class='ocr_carea' id='block_1_14' title="bbox 207 2462 1772 2513">
    <p class='ocr_par' dir='ltr' id='par_1_18' title="bbox 207 2462 1772 2513">
     <span class='ocr_line' id='line_1_45' title="bbox 207 2462 1772 2513; baseline 0.003 -16"><span class='ocrx_word' id='word_1_388' title='bbox 207 2473 322 2497; x_wconf 86' lang='lat' dir='ltr'>nuatum</span> <span class='ocrx_word' id='word_1_389' title='bbox 339 2473 367 2496; x_wconf 87' lang='lat' dir='ltr'>et</span> <span class='ocrx_word' id='word_1_390' title='bbox 381 2472 503 2503; x_wconf 85' lang='lat' dir='ltr'>acutum,</span> <span class='ocrx_word' id='word_1_391' title='bbox 518 2467 621 2496; x_wconf 89' lang='lat' dir='ltr'>leniter</span> <span class='ocrx_word' id='word_1_392' title='bbox 632 2474 780 2497; x_wconf 88' lang='lat' dir='ltr'>curvatum</span> <span class='ocrx_word' id='word_1_393' title='bbox 792 2474 839 2496; x_wconf 90' lang='lat' dir='ltr'>aut</span> <span class='ocrx_word' id='word_1_394' title='bbox 851 2468 945 2497; x_wconf 86' lang='lat' dir='ltr'>medio</span> <span class='ocrx_word' id='word_1_395' title='bbox 961 2468 1153 2508; x_wconf 83' lang='lat' dir='ltr'>genuflexum,</span> <span class='ocrx_word' id='word_1_396' title='bbox 1169 2462 1323 2513; x_wconf 46' lang='lat' dir='ltr'>5¹0—Zssomm&#39;</span> <span class='ocrx_word' id='word_1_397' title='bbox 1334 2468 1464 2509; x_wconf 78' lang='lat' dir='ltr'>longum,</span> <span class='ocrx_word' id='word_1_398' title='bbox 1479 2469 1512 2498; x_wconf 83' lang='lat' dir='ltr'>ad</span> <span class='ocrx_word' id='word_1_399' title='bbox 1527 2470 1645 2500; x_wconf 81' lang='lat' dir='ltr'>mediam</span> <span class='ocrx_word' id='word_1_400' title='bbox 1664 2478 1772 2511; x_wconf 86' lang='lat' dir='ltr'>partem</span> 
     </span>
    </p>
   </div>
   <div class='ocr_carea' id='block_1_15' title="bbox 1419 2525 1490 2562">
    <p class='ocr_par' dir='ltr' id='par_1_19' title="bbox 1419 2525 1490 2562">
     <span class='ocr_line' id='line_1_46' title="bbox 1419 2525 1490 2562; baseline -0.014 0"><span class='ocrx_word' id='word_1_401' title='bbox 1419 2525 1490 2562; x_wconf 78' lang='lat'>02</span> 
     </span>
    </p>
   </div>
  </div>
 </body>
</html>
