2225 3020
1179 211 1227 248 74

418 332 474 351 rus.
499 318 659 358 Dispositio
674 317 809 346 normalis
825 323 854 346 et
873 316 1102 356 frequentissima
1117 317 1295 355 orbicularis,
1318 319 1426 348 cellulis
1453 319 1565 348 ratione
1587 318 1698 348 numeri
1720 318 1751 347 in
1772 317 1910 347 circulum
1930 319 1994 348 uni-

419 383 482 401 cum
502 370 545 398 vel
566 370 660 408 plures
683 369 883 398 concentricos
906 368 1060 409 congestis,
1092 368 1193 397 cellula
1207 369 1325 398 centrali
1340 376 1387 399 aut
1401 370 1494 406 unica,
1519 376 1567 399 aut
1581 370 1667 399 nulla.
1703 369 1762 398 Ubi
1777 369 1895 398 cellulae
1908 369 1994 399 binae

418 423 446 451 in
463 421 557 449 medio
572 420 682 459 positae
697 426 763 449 sunt
777 420 876 449 circuli
890 420 923 448 ad
938 420 1060 449 sormam
1075 419 1228 459 ellipticam
1243 420 1374 458 tendunt,
1401 421 1477 449 unde
1496 421 1631 450 transitus
1654 421 1796 450 indicatur
1816 421 1850 449 ad
1871 420 1993 449 formam

417 472 577 501 evidentius
589 482 603 500 a
613 477 684 511 typo
694 471 849 500 orbiculari
860 471 1066 500 desciscentem
1078 470 1250 511 elongatam,
1262 471 1374 501 circulis
1383 471 1678 512 elongato-ellipticis,
1687 471 1800 501 cellulas
1812 471 1996 501 intermedias

418 523 514 562 plures
533 522 782 563 longitudinaliter
796 523 859 551 uni-
874 522 919 552 vel
934 522 1079 551 biseriatas
1093 522 1276 562 ciugentibus
1291 518 1348 559 (¹).
1388 524 1492 552 Forma
1507 522 1640 562 elliptica‚
1665 523 1854 562 dispositione
1869 533 1996 552 concen-

418 574 487 602 trica
502 574 595 602 minus
610 574 734 614 regulari
753 573 798 602 vel
821 574 941 602 omnino
963 574 1091 610 confusa,
1116 573 1240 612 denique
1262 573 1321 601 abit
1339 573 1368 602 in
1382 574 1470 603 varias
1486 574 1590 603 formas
1613 574 1702 614 magis
1729 574 1812 602 etiam
1833 573 1998 610 abnormes,

418 625 600 660 reniformes,
624 625 864 664 panduriformes,
891 625 1083 653 cuneisormes
1098 631 1162 660 etc.,
1192 635 1263 663 quae
1278 635 1377 653 omnes
1396 625 1562 664 praesertim
1585 624 1751 653 cellularum
1766 636 1887 654 numero
1903 625 1937 654 (³4
1952 624 1997 654 vel

421 681 471 705 128
487 677 676 705 conveniunt.
703 676 854 705 Praeterea
870 676 1020 714 dispositio
1035 676 1208 716 regulariter
1222 675 1406 704 concentrica
1420 687 1634 715 nonnumquam
1650 675 1758 704 cellulis
1773 675 1892 716 singulis
1906 676 1997 705 inter-

419 727 572 763 calaribus,
600 727 679 756 nullo
694 728 803 756 circulo
817 727 1037 755 adnumerandis
1050 726 1196 761 turbatum
1224 726 1388 755 cellularum
1409 727 1522 756 circulis
1543 727 1667 766 denique
1687 727 1760 755 haud
1776 732 1873 755 exacte
1886 727 1997 762 clausis,

418 778 509 808 altero
524 779 605 807 alteri
619 779 744 814 adnexis,
764 778 916 817 dispositio
936 778 1047 816 spiralis
1063 778 1195 813 efficitur,
1216 777 1287 806 nulli
1301 778 1400 817 spiciei
1417 778 1561 815 normalis,
1585 778 1635 807 sed
1659 778 1688 807 in
1704 777 1850 807 nonnullis
1865 777 1997 817 specimi-

419 829 502 858 nibus
517 829 675 858 admirabili
690 829 873 869 regularitate
896 835 1060 857 constructa
1075 824 1134 866 (²).
1174 828 1257 865 Quae
1286 829 1481 868 dispositionis
1508 829 1658 858 varietates
1686 839 1785 858 omnes
1813 829 1958 868 prodeunt
1982 839 1998 858 e

419 881 606 922 gonidiorum
622 881 712 920 prima
726 886 817 909 aetate
833 880 982 908 mobilium
997 880 1146 909 sedatione
1160 886 1188 909 et
1208 880 1469 921 coagmentatione,
1497 880 1604 920 quippe
1627 891 1697 920 quae
1712 881 1787 909 intra
1802 880 1923 909 vesicam
1938 890 1997 909 ma-

417 931 545 961 tricalem
558 931 901 971 depresso-orbicularem
913 932 946 960 ad
959 931 1037 971 leges
1053 931 1280 971 iuxtapositionis
1295 932 1323 960 in
1338 931 1430 970 spatio
1445 931 1530 971 plano
1546 931 1764 960 distribuuntur.
1781 931 1895 968 Quodsi
1911 931 1998 971 goni-

420 983 464 1012 dia
478 989 574 1012 exacte
588 982 708 1022 globosa
723 988 751 1011 et
768 983 869 1021 quovis
884 993 1004 1011 numero
1019 989 1132 1022 praesto
1148 989 1252 1019 essent,
1279 983 1307 1011 in
1324 982 1445 1011 circulos
1461 983 1563 1011 ordine
1584 983 1748 1023 centrifugo
1762 982 1949 1011 succedentes
1964 981 1999 1010 ad

420 1044 554 1063 numeros
573 1042 594 1069 1,
614 1037 640 1069 6,
658 1039 699 1070 12,
714 1040 755 1070 18,
770 1035 802 1063 ‘22'1
818 1055 825 1063 .
841 1056 847 1062 .
863 1055 870 1062 .
886 1034 1031 1073 dispertiri
1045 1034 1194 1071 deberent,
1221 1040 1248 1062 at
1263 1040 1381 1073 utraque
1403 1034 1500 1063 harum
1516 1032 1717 1063 conditionum
1732 1033 1836 1063 deficit.
1864 1033 2000 1062 Summae

419 1085 495 1115 enim
515 1084 709 1114 membrorum
724 1085 806 1114 huius
823 1085 918 1114 seriei:

880 1152 1076 1183 1÷6=
1120 1152 1134 1178 7

880 1204 1268 1235 1-1-6-1-12319

881 1254 1396 1285 1÷6÷12÷1s=37

880 1302 1521 1336 1÷t3÷12÷1s÷2sst=61

421 1388 585 1418 cellularum
601 1388 716 1417 summis
732 1387 760 1416 in
772 1387 919 1416 Pediastro
935 1387 1026 1415 obvi1s
1043 1397 1102 1415 non
1118 1386 1311 1425 respondent;
1328 1386 1393 1414 hinc
1408 1384 1606 1415 accomodatio
1621 1385 1758 1424 quaedam
1774 1385 1933 1415 necessaria
1948 1391 2001 1422 est,

421 1450 493 1479 quae
511 1440 590 1468 vario
606 1439 691 1468 modo
707 1438 839 1474 efficitur,
865 1438 902 1466 ita
918 1444 1024 1473 tamen,
1052 1444 1083 1466 ut
1096 1437 1298 1476 dispositiones
1317 1447 1437 1466 numero
1453 1436 1618 1466 cellularum
1638 1447 1689 1475 per
1704 1436 1828 1465 circulos
1844 1436 1999 1475 insequen-

422 1497 462 1520 tes
474 1502 536 1520 cum
552 1491 625 1519 serie
640 1490 762 1518 indicata
782 1489 912 1528 proxime
937 1489 1144 1517 convenientes
1163 1488 1375 1526 frequentiores
1391 1488 1455 1516 sint.
1502 1487 1696 1516 Gonidiorum
1713 1498 1827 1526 quoque
1842 1487 1943 1524 forma,
1969 1487 1999 1516 in

421 1542 549 1582 plurimis
568 1541 716 1580 speciebus
737 1541 852 1579 quidem
872 1540 999 1568 nondum
1015 1539 1174 1574 observata,
1201 1539 1250 1567 sed
1272 1539 1317 1566 vix
1337 1538 1417 1567 ullibi
1437 1539 1514 1567 inter
1532 1538 1620 1577 Algas
1641 1544 1737 1566 exacte
1765 1538 1896 1578 globosa,
1923 1538 1999 1567 inter

421 1593 617 1632 dispositionis
632 1593 724 1620 variae
739 1602 833 1620 causas
859 1591 920 1620 sine
936 1591 1024 1619 dubio
1039 1590 1246 1619 consideranda
1274 1595 1326 1618 est.
1369 1589 1496 1618 Gonidia
1522 1595 1684 1617 transverse
1712 1588 1823 1625 latiora,
1850 1589 1943 1628 qualia
1970 1589 1999 1618 in

402 1676 408 1679 ‚
421 1648 455 1674 Ρ.
474 1647 613 1681 Barymm
629 1643 818 1672 observantur
833 1637 891 1680 (ἦ),
918 1642 1062 1681 pauciora,
1089 1652 1104 1670 e
1122 1641 1268 1670 contrario
1284 1640 1400 1681 gonidia
1415 1640 1664 1680 longitudinaliter
1679 1640 1824 1680 elongata,
1851 1640 1943 1679 qualia
1970 1640 2001 1669 in

421 1699 455 1725 P.
470 1695 794 1734 simplicisuppouenda
807 1700 883 1729 sunt,
910 1693 991 1732 plura
1012 1693 1040 1721 in
1056 1693 1156 1721 eodem
1173 1692 1281 1721 circulo
1299 1692 1392 1720 locum
1408 1691 1542 1720 obtinere
1552 1697 1689 1730 possunt;
1717 1691 1792 1720 unde
1820 1690 2000 1720 differentiae

421 1747 556 1786 quaedam
576 1746 735 1785 specierum
752 1756 803 1785 per
822 1756 937 1774 omnem
961 1744 1072 1773 numeri
1096 1750 1124 1772 et
1142 1743 1338 1782 dispositionis
1359 1743 1525 1772 varietatem
1549 1742 1718 1771 observatae
1747 1742 1925 1781 explicantur
1940 1736 2001 1781 (⁴)

422 1798 627 1827 Adnotandum
641 1808 729 1836 porro
745 1802 787 1825 cst
801 1796 918 1836 gonidia
933 1796 960 1824 in
975 1801 1079 1824 statum
1100 1795 1290 1835 vegetationis
1312 1794 1447 1822 intrantia
1467 1794 1547 1832 apice
1567 1793 1682 1833 hyalino
1704 1793 1792 1832 (parti
1811 1793 1925 1822 radicali
1946 1792 1999 1821 Al-

421 1860 520 1889 garum
541 1848 733 1877 evolutiorum
756 1847 894 1887 analogo)
915 1847 948 1875 ad
971 1852 1102 1875 centrum
1122 1845 1268 1881 converti,
1295 1845 1416 1883 ideoque
1439 1844 1604 1873 cellularum
1625 1844 1837 1884 vegetationem
1860 1843 1998 1872 centrifu—

421 1911 485 1940 gam
513 1910 589 1935 esse,
614 1899 697 1928 salvis
722 1898 940 1937 exceptionibus
959 1898 1026 1926 satis
1042 1898 1111 1926 raris
1127 1897 1155 1926 in
1170 1900 1204 1925 P.
1220 1900 1408 1930 Elzrenbergii
1421 1901 1449 1925 et
1464 1898 1498 1924 P.
1514 1899 1623 1923 Βαναία
1638 1895 1803 1934 praesertim
1819 1894 1999 1923 occurrenti-

421 1945 541 1988 bus(⁶).
575 1950 627 1978 His
642 1950 802 1989 praemissis
816 1949 1048 1988 dispositionum,
1074 1959 1141 1987 quas
1156 1948 1184 1976 in
1205 1948 1289 1976 variis
1304 1947 1452 1986 speciebus
1468 1947 1627 1982 observavi,
1649 1951 1835 1986 conspectum
1852 1946 1882 1974 in
1905 1945 2000 1974 tabula

421 2008 559 2042 sequente
573 2001 684 2037 addam,
703 2012 781 2029 casus
796 2000 967 2040 principales
985 2005 1013 2028 et
1032 1999 1242 2038 frequentiores
1257 1998 1332 2038 typis
1354 1997 1509 2027 maioribus
1522 1997 1661 2027 indicans.

500 2123 549 2163 (¹)
576 2126 718 2164 Verjiing.
730 2130 750 2153 t.
764 2125 801 2152 ῙῙ.
818 2124 836 2152 f.
852 2130 894 2152 21.
911 2129 954 2152 22.
968 2128 1011 2152 23.
1029 2124 1077 2161 (P.
1092 2123 1286 2160 Boryanum).

500 2173 550 2215 (²)
579 2177 721 2216 Verjiing.
737 2182 756 2204 t.
772 2176 810 2203 II.
825 2175 844 2204 s.
863 2180 903 2206 19.
919 2177 967 2211 (P.
986 2175 1186 2211 Borymmm);
1206 2179 1225 2202 t.
1240 2173 1322 2202 huius
1337 2184 1384 2213 op.
1399 2173 1450 2202 VI.
1465 2172 1484 2202 f.
1501 2178 1544 2202 21.
1559 2173 1608 2208 (P.
1622 2171 1782 2209 asperum).

503 2223 551 2266 (³)
579 2229 720 2267 Verjiing.
736 2227 810 2255 t.11.
827 2226 844 2254 f.
860 2231 944 2254 2—3.

509 2274 558 2317 (⁴)
583 2280 633 2307 Ex.
649 2289 692 2319 gr.
710 2277 827 2307 cellulae
847 2283 914 2306 octo
935 2277 963 2305 in
978 2279 1012 2305 P.
1027 2280 1153 2312 simplici
1171 2275 1338 2305 normaliter
1359 2285 1458 2303 omnes
1478 2275 1507 2303 in
1527 2273 1628 2303 eodem
1650 2272 1769 2309 circulo,
1789 2272 1817 2301 in
1838 2276 1872 2301 P.
1888 2276 1998 2302 Elzren-

425 2335 514 2366 bergii
526 2337 554 2360 et
568 2334 676 2358 Itotula
691 2329 724 2357 ad
743 2336 750 2357 l
769 2335 809 2362 -ff-
826 2335 850 2365 Τ,
872 2328 900 2357 in
916 2331 950 2356 P.
969 2329 1108 2364 Boryano
1125 2327 1158 2356 ad
1174 2333 1188 2356 2
1205 2333 1246 2360 -Ι-
1261 2330 1275 2355 6
1291 2326 1501 2365 dlsponuntur;
1522 2324 1639 2353 cellulae
1664 2330 1693 2353 10
1709 2324 1738 2352 in
1753 2327 1786 2352 P.
1801 2328 1927 2360 simplici
1939 2323 1999 2353 sor·

426 2392 474 2410 san
490 2381 657 2410 normaliter
669 2380 703 2409 ad
718 2380 733 2409 J,
747 2385 790 2414 -1-
806 2386 847 2415 12,
862 2380 890 2408 in
906 2382 939 2408 P.
955 2381 1143 2413 Ehrenbergii
1154 2384 1182 2407 et
1196 2381 1305 2405 Rutula
1319 2376 1352 2405 ad
1368 2382 1432 2411 5-1-
1446 2383 1486 2412 11,
1502 2376 1531 2404 in
1547 2378 1581 2404 P.
1597 2377 1738 2412 Bor-sano
1754 2375 1788 2403 ad
1805 2380 1892 2410 1-Ι-5
1903 2380 1996 2408 -1-10.

503 2426 549 2469 (⁵)
579 2432 664 2460 Conf.
685 2432 792 2471 figurae
815 2434 847 2459 P.
863 2434 988 2458 Rotulae
1009 2436 1034 2459 3.
1055 2435 1081 2461 9.
1105 2436 1136 2458 10
1157 2435 1185 2457 et
1208 2435 1237 2458 12
1250 2428 1279 2457 in
1298 2434 1318 2457 t.
1335 2428 1391 2462 V1;
1410 2430 1444 2455 P.
1463 2430 1651 2462 Ehrenbergii
1669 2427 1697 2455 in
1712 2425 1791 2455 Ralfs
1811 2426 1884 2455 Brit.
1898 2426 1997 2455 Desm.

427 2489 447 2512 t.
458 2489 500 2512 31.
516 2482 534 2510 f.
550 2489 576 2518 2,
589 2493 612 2511 c.
628 2483 653 2519 lt,
667 2493 691 2520 a,
705 2482 733 2519 b,
748 2494 771 2511 c.
787 2488 813 2519 3,
827 2492 851 2519 a,
864 2481 892 2510 b.
