2225 3020
968 200 989 235 3

197 304 323 340 thallio
350 316 481 353 nempe
506 302 690 346 uniformi,
724 301 873 351 aphyllo
900 309 935 337 et
962 314 1060 337 mere
1086 300 1263 337 celluloso
1290 300 1533 337 intercedente
1559 300 1756 336 foecunda-

197 370 295 403 tione
319 370 354 403 in
378 370 457 417 ipso
479 364 677 416 prothallio
701 373 858 415 peracta,
888 364 998 399 altera
1022 364 1194 409 succedit,
1225 377 1317 414 quae
1342 364 1505 399 distincta
1524 366 1676 414 partium
1697 376 1756 398 ex-

196 439 378 467 ternarum
405 429 543 476 (caulis,
574 428 735 463 radicum
762 436 797 463 et
822 427 1011 473 foliorum)
1039 428 1267 470 formatione,
1301 440 1368 462 nec
1393 440 1468 463 non
1492 435 1680 463 contextus
1703 429 1756 463 in-

196 497 288 530 terni
314 507 332 529 e
359 492 499 528 cellulis
525 494 688 541 vasisque
717 493 816 526 mixti
842 493 1105 541 compositione
1134 491 1278 539 insignis
1305 497 1369 525 est.
1426 490 1486 526 Sic
1513 504 1558 527 ex
1585 491 1756 527 inferiore

196 556 308 607 gradu
332 570 399 606 per
418 555 675 592 succedaneam
695 557 961 604 generationem
979 553 1023 589 ad
1043 555 1268 603 superiorem
1291 555 1467 602 vegetatio
1493 554 1668 598 evehitur,
1695 567 1756 590 ne-

195 633 267 670 que
286 633 372 656 vero
392 622 509 655 statim
528 619 572 654 ad
591 619 738 654 ultimos
756 618 846 654 fines
864 617 1043 668 procedit,
1067 630 1181 666 quum
1199 615 1344 666 plantae
1362 616 1467 651 huius
1487 616 1680 662 divisionis,
1704 620 1756 653 in-

193 683 308 719 hibito
330 682 664 732 metamorphoseos
687 695 892 732 progressu,
923 683 959 716 in
985 680 1099 715 stadio
1124 681 1243 729 stirpis
1267 681 1485 729 vegetativae
1512 688 1683 725 retentae,
1712 681 1756 716 ad

194 746 292 782 floris
316 747 528 795 fructusque
554 748 821 795 generationem
845 758 863 780 a
882 744 1158 779 formationibus
1176 745 1381 793 vegetativis
1401 742 1590 778 discretam
1610 746 1757 780 omnino

196 823 271 845 non
296 811 520 860 perveniant.
565 809 681 844 Huius
707 808 838 844 indolis
863 815 947 843 sunt
970 807 1113 857 plantae
1139 815 1392 857 cryptogamae
1418 808 1633 856 superiores,
1663 807 1757 842 folii-

194 886 297 923 gerae
324 881 359 909 et
383 873 584 909 vasculares
610 872 678 919 (¹),
708 873 841 922 quibus
868 878 1056 906 auctorum
1080 883 1259 906 consensu
1282 878 1317 906 et
1341 882 1384 905 ex
1407 870 1583 905 historicis
1608 883 1757 919 quoque

195 936 433 981 documentis,
464 949 556 986 quae
577 935 776 985 Geologiae
800 936 946 970 scientia
967 933 1186 984 suppeditat,
1214 935 1314 983 regni
1332 933 1538 983 vegetabilis
1557 933 1684 969 divisio
1704 947 1757 969 se-

194 1000 324 1045 cunda,
352 1014 419 1051 per
443 1002 645 1049 antiquiora
663 999 793 1035 Florae
817 1006 1034 1048 protogaeae
1058 1005 1222 1048 tempora
1242 996 1427 1046 quondam
1448 1010 1598 1041 summa,
1626 999 1757 1033 consti-

193 1066 317 1100 tuitur.
360 1064 485 1099 Liceat
504 1062 904 1113 Cormophytorum
930 1074 1065 1097 nomen
1090 1061 1134 1096 ad
1159 1060 1368 1111 vegetabilia
1394 1060 1501 1095 huius
1526 1062 1693 1096 sectionis
1711 1062 1755 1096 si-

193 1127 332 1177 gnanda
351 1127 521 1162 adhibere
542 1128 611 1174 (²).

332 1191 533 1239 Utriusque
553 1189 736 1225 divisionis
755 1195 1056 1224 commemoratae
1075 1187 1297 1237 vegetabilia,
1324 1200 1415 1236 quae
1436 1189 1655 1222 coniunctim
1673 1187 1757 1223 inde

193 1267 213 1289 a
236 1253 387 1289 Linnaei
412 1254 638 1303 temporibus
664 1252 909 1302 Cryptogama
934 1251 1144 1294 salutantur,
1178 1253 1296 1285 omnia
1324 1264 1367 1285 eo
1394 1253 1624 1295 conveniunt,
1656 1251 1757 1301 quod

192 1316 283 1352 flore
309 1316 505 1366 fructuque
529 1329 617 1352 vero
643 1323 777 1359 carent,
808 1328 883 1365 quo
911 1314 1116 1350 charactere
1147 1316 1216 1349 iam
1244 1327 1261 1349 a
1288 1315 1449 1364 patribus
1475 1316 1528 1349 rei
1555 1313 1753 1359 herbariae,

195 1381 258 1430 qui
276 1382 384 1430 primi
403 1381 617 1430 systematici
637 1378 831 1414 orthodoxi
850 1392 868 1413 a
884 1378 1047 1413 Linnaeo
1066 1377 1271 1422 laudantur,
1291 1377 1558 1427 Caesalpino
1578 1385 1613 1413 et
1631 1377 1753 1426 Rajo,

193 1443 516 1493 distinguebantur.
547 1443 645 1478 Haec
664 1450 866 1492 sequuntur
884 1441 1092 1491 vegetabilia
1111 1441 1271 1476 florifera
1290 1454 1353 1477 seu
1370 1441 1635 1491 phanerogama
1655 1443 1755 1489 (An-

192 1507 437 1557 thophyta),
466 1507 609 1556 quibus,
638 1519 754 1555 aeque
778 1519 818 1540 ac
843 1508 1096 1556 cryptogamis‚
1123 1505 1259 1540 binaria
1284 1512 1336 1540 est
1360 1504 1560 1540 secundum
1579 1505 1755 1541 evolutio-

193 1573 246 1606 nis
265 1571 395 1620 gradus
414 1570 554 1606 divisio.
599 1569 690 1605 Sunt
711 1571 818 1613 enim,
847 1569 980 1618 quibus
998 1568 1097 1603 floris
1116 1570 1296 1618 generatio
1317 1581 1383 1617 per
1401 1568 1563 1604 altiorem
1584 1569 1756 1605 foliorum

193 1633 501 1683 metamorphosin
526 1632 674 1682 quidem
699 1632 901 1675 inchoatur,
930 1645 1050 1681 neque
1069 1644 1155 1667 vero
1180 1631 1224 1666 ad
1245 1631 1421 1680 fastigium
1441 1632 1665 1681 perducitur,
1695 1633 1755 1669 de-

192 1698 396 1733 ficientibus
423 1695 683 1746 carpophyllis,
715 1695 874 1730 fructum
901 1708 1038 1738 verum,
1071 1697 1205 1730 semina
1237 1694 1483 1730 includentem
1509 1698 1755 1732 constituenti-

191 1762 272 1796 bus.
314 1760 387 1796 Pro
411 1758 662 1795 huiuscemodi
680 1758 811 1808 plantis
829 1758 920 1793 flore
942 1757 1090 1807 quidem
1108 1757 1291 1808 praeditis,
1319 1757 1383 1793 sed
1402 1758 1523 1793 fructu
1540 1772 1627 1794 vero
1648 1759 1753 1795 desti-

192 1827 277 1860 tutis
302 1823 491 1874 Cycadeae
519 1831 555 1858 et
579 1822 772 1859 Coniferae
798 1821 985 1857 habendae
1012 1829 1105 1865 sunt,
1137 1834 1237 1870 quas,
1273 1821 1572 1871 explicationibus
1598 1825 1696 1859 vanis
1722 1832 1756 1860 et

193 1889 447 1924 commentitiis
466 1886 553 1921 olim
571 1893 723 1927 vexatas,
741 1898 865 1921 revera
880 1897 1173 1935 gymnospermas
1193 1897 1268 1920 esse
1286 1884 1472 1920 Roberti
1490 1885 1681 1922 Brownii
1703 1901 1754 1923 sa-

193 1954 340 2002 gacitate
356 1950 514 2000 denique
530 1957 758 1999 compertum
772 1949 958 1984 habemus.
989 1947 1243 1998 Antophyta
1263 1961 1594 1998 gymnosperma
1615 1949 1755 1986 divisio-

195 2104 379 2133 Hofmeisteri
402 2103 435 2131 de
459 2102 628 2142 Botrycliio‚
659 2102 695 2130 ita
718 2107 749 2129 ut
772 2101 884 2130 nonnisi
906 2101 1063 2140 Lycopodii
1086 2107 1114 2129 et
1136 2100 1251 2129 Azollae
1274 2111 1377 2140 genera
1399 2100 1515 2129 ulterius
1537 2101 1756 2141 indagandarre-

194 2160 279 2184 stent.

254 2213 301 2251 (¹)
332 2212 452 2241 Silentio
476 2211 697 2251 praetermittam
713 2210 912 2251 vegetabilium
937 2210 1045 2245 seriem,
1069 2220 1138 2248 quae
1161 2209 1205 2238 hic
1228 2210 1394 2245 adnectitur,
1417 2210 1618 2239 desciscentem
1635 2218 1663 2240 et
1678 2214 1755 2251 quasi

194 2269 402 2298 recurrentem,
430 2262 587 2302 plantarum
609 2261 716 2290 scilicet
738 2261 974 2295 niuscoidearum,
1002 2270 1086 2298 quae,
1117 2259 1250 2300 singulari
1273 2260 1442 2289 evolutionis
1464 2260 1639 2297 inversione,
1667 2263 1754 2301 prima

194 2313 379 2355 generatione
401 2312 434 2340 ad
456 2323 627 2352 organorum
650 2312 743 2351 stirpis
758 2311 932 2351 vegetativae
954 2310 1166 2339 distinctionem
1188 2310 1384 2349 procedentes,
1407 2310 1527 2339 secunda
1548 2310 1581 2339 ad
1603 2312 1756 2351 simplicio-

194 2376 253 2393 rem
275 2363 393 2392 formam
416 2368 603 2390 revertuntur.

256 2422 303 2461 (²)
337 2421 598 2460 Cormophytorurn
626 2431 730 2450 nomen
759 2421 786 2449 in
814 2419 953 2460 Ungeri
981 2425 1009 2448 et
1036 2419 1243 2448 Enilliclieri
1272 2419 1353 2459 regni
1381 2418 1544 2458 vegetabilis
1570 2419 1755 2460 dispositione

196 2473 288 2503 latiori
310 2483 393 2501 sensu
415 2470 570 2499 adhibetur.

1406 2521 1477 2556 As.)
