<?xml version="1.0" encoding="UTF-8"?>
<!DOCTYPE html PUBLIC "-//W3C//DTD XHTML 1.0 Transitional//EN"
    "http://www.w3.org/TR/xhtml1/DTD/xhtml1-transitional.dtd">
<html xmlns="http://www.w3.org/1999/xhtml" xml:lang="en" lang="en">
 <head>
  <title>
</title>
<meta http-equiv="Content-Type" content="text/html;charset=utf-8" />
  <meta name='ocr-system' content='tesseract 3.04.00' />
  <meta name='ocr-capabilities' content='ocr_page ocr_carea ocr_par ocr_line ocrx_word'/>
</head>
<body>
  <div class='ocr_page' id='page_1' title='image "algarumunicellul00brau_0062.png"; bbox 0 0 2225 3020; ppageno 0'>
   <div class='ocr_carea' id='block_1_1' title="bbox 1167 220 1215 255">
    <p class='ocr_par' dir='ltr' id='par_1_1' title="bbox 1167 220 1215 255">
     <span class='ocr_line' id='line_1_1' title="bbox 1167 220 1215 255; baseline 0.021 -1"><span class='ocrx_word' id='word_1_1' title='bbox 1167 220 1215 255; x_wconf 77' lang='lat'>48</span> 
     </span>
    </p>
   </div>
   <div class='ocr_carea' id='block_1_2' title="bbox 408 321 1975 499">
    <p class='ocr_par' dir='ltr' id='par_1_2' title="bbox 408 321 1975 499">
     <span class='ocr_line' id='line_1_2' title="bbox 414 321 1974 373; baseline -0.002 -14"><span class='ocrx_word' id='word_1_2' title='bbox 414 323 637 373; x_wconf 87' lang='lat' dir='ltr'>depressum,</span> <span class='ocrx_word' id='word_1_3' title='bbox 670 322 779 369; x_wconf 85' lang='lat' dir='ltr'>magis</span> <span class='ocrx_word' id='word_1_4' title='bbox 805 321 990 369; x_wconf 82' lang='lat' dir='ltr'>magisque</span> <span class='ocrx_word' id='word_1_5' title='bbox 1010 332 1224 369; x_wconf 82' lang='lat' dir='ltr'>expansum,</span> <span class='ocrx_word' id='word_1_6' title='bbox 1256 321 1411 357; x_wconf 92' lang='lat' dir='ltr'>solidum</span> <span class='ocrx_word' id='word_1_7' title='bbox 1437 329 1472 357; x_wconf 89' lang='lat' dir='ltr'>et</span> <span class='ocrx_word' id='word_1_8' title='bbox 1491 323 1566 357; x_wconf 91' lang='lat' dir='ltr'>sine</span> <span class='ocrx_word' id='word_1_9' title='bbox 1586 321 1698 357; x_wconf 86' lang='lat' dir='ltr'>dubio</span> <span class='ocrx_word' id='word_1_10' title='bbox 1722 334 1896 372; x_wconf 89' lang='lat' dir='ltr'>processu</span> <span class='ocrx_word' id='word_1_11' title='bbox 1915 335 1974 357; x_wconf 88' lang='lat' dir='ltr'>ex-</span> 
     </span>
     <span class='ocr_line' id='line_1_3' title="bbox 409 382 1970 434; baseline -0.001 -12"><span class='ocrx_word' id='word_1_12' title='bbox 409 388 584 428; x_wconf 84' lang='lat' dir='ltr'>cretorio‚</span> <span class='ocrx_word' id='word_1_13' title='bbox 618 391 657 418; x_wconf 90' lang='lat' dir='ltr'>ut</span> <span class='ocrx_word' id='word_1_14' title='bbox 690 386 726 418; x_wconf 90' lang='lat' dir='ltr'>in</span> <span class='ocrx_word' id='word_1_15' title='bbox 757 382 922 425; x_wconf 72' lang='lat' dir='ltr'>Sciadm,</span> <span class='ocrx_word' id='word_1_16' title='bbox 959 382 1167 418; x_wconf 80' lang='lat' dir='ltr'>formatum.</span> <span class='ocrx_word' id='word_1_17' title='bbox 1222 383 1296 419; x_wconf 89' lang='lat' dir='ltr'>Ubi</span> <span class='ocrx_word' id='word_1_18' title='bbox 1327 387 1521 434; x_wconf 85' lang='lat' dir='ltr'>specimina</span> <span class='ocrx_word' id='word_1_19' title='bbox 1549 385 1658 421; x_wconf 91' lang='lat' dir='ltr'>dense</span> <span class='ocrx_word' id='word_1_20' title='bbox 1690 392 1970 434; x_wconf 82' lang='lat' dir='ltr'>congregantur,</span> 
     </span>
     <span class='ocr_line' id='line_1_4' title="bbox 408 446 1975 499; baseline 0 -16"><span class='ocrx_word' id='word_1_21' title='bbox 408 450 494 484; x_wconf 85' lang='lat' dir='ltr'>disci</span> <span class='ocrx_word' id='word_1_22' title='bbox 514 447 661 497; x_wconf 84' lang='lat' dir='ltr'><strong>pedales</strong></span> <span class='ocrx_word' id='word_1_23' title='bbox 686 449 778 482; x_wconf 87' lang='lat' dir='ltr'>inter</span> <span class='ocrx_word' id='word_1_24' title='bbox 804 459 840 482; x_wconf 91' lang='lat' dir='ltr'>se</span> <span class='ocrx_word' id='word_1_25' title='bbox 860 446 1050 481; x_wconf 87' lang='lat' dir='ltr'>confluunt</span> <span class='ocrx_word' id='word_1_26' title='bbox 1077 454 1112 482; x_wconf 89' lang='lat' dir='ltr'>et</span> <span class='ocrx_word' id='word_1_27' title='bbox 1140 454 1275 481; x_wconf 90' lang='lat' dir='ltr'>crustas</span> <span class='ocrx_word' id='word_1_28' title='bbox 1298 447 1414 483; x_wconf 88' lang='lat' dir='ltr'>fuscas</span> <span class='ocrx_word' id='word_1_29' title='bbox 1434 448 1596 493; x_wconf 87' lang='lat' dir='ltr'>latiores,</span> <span class='ocrx_word' id='word_1_30' title='bbox 1628 451 1823 499; x_wconf 83' lang='lat' dir='ltr'>specimina</span> <span class='ocrx_word' id='word_1_31' title='bbox 1848 461 1975 484; x_wconf 91' lang='lat' dir='ltr'>nume-</span> 
     </span>
    </p>
   </div>
   <div class='ocr_carea' id='block_1_3' title="bbox 406 509 1442 561">
    <p class='ocr_par' dir='ltr' id='par_1_3' title="bbox 406 509 1442 561">
     <span class='ocr_line' id='line_1_5' title="bbox 406 509 1442 561; baseline 0.001 -15"><span class='ocrx_word' id='word_1_32' title='bbox 406 525 487 546; x_wconf 88' lang='lat' dir='ltr'>rosa</span> <span class='ocrx_word' id='word_1_33' title='bbox 507 518 669 560; x_wconf 75' lang='lat' dir='ltr'>gerentes</span> <span class='ocrx_word' id='word_1_34' title='bbox 690 510 865 546; x_wconf 87' lang='lat' dir='ltr'>efficiunt.</span> <span class='ocrx_word' id='word_1_35' title='bbox 903 509 1121 560; x_wconf 84' lang='lat' dir='ltr'>Propagatio</span> <span class='ocrx_word' id='word_1_36' title='bbox 1142 512 1290 545; x_wconf 89' lang='lat' dir='ltr'>omnino</span> <span class='ocrx_word' id='word_1_37' title='bbox 1310 513 1442 561; x_wconf 85' lang='lat' dir='ltr'>ignota.</span> 
     </span>
    </p>
   </div>
   <div class='ocr_carea' id='block_1_4' title="bbox 1099 579 1291 608">
    <p class='ocr_par' dir='ltr' id='par_1_4' title="bbox 1099 579 1291 608">
     <span class='ocr_line' id='line_1_6' title="bbox 1099 579 1291 608; baseline 0.005 -1"><span class='ocrx_word' id='word_1_38' title='bbox 1099 579 1184 608; x_wconf 84' lang='lat' dir='ltr'>Tab.</span> <span class='ocrx_word' id='word_1_39' title='bbox 1200 579 1233 607; x_wconf 93' lang='lat' dir='ltr'>V.</span> <span class='ocrx_word' id='word_1_40' title='bbox 1255 579 1291 608; x_wconf 93' lang='lat' dir='ltr'>G.</span> 
     </span>
    </p>
   </div>
   <div class='ocr_carea' id='block_1_5' title="bbox 557 630 1975 703">
    <p class='ocr_par' dir='ltr' id='par_1_5' title="bbox 557 630 1975 703">
     <span class='ocr_line' id='line_1_7' title="bbox 557 630 1975 671; baseline 0.001 -13"><span class='ocrx_word' id='word_1_41' title='bbox 557 630 721 669; x_wconf 85' lang='lat' dir='ltr'>Specimina</span> <span class='ocrx_word' id='word_1_42' title='bbox 741 630 852 659; x_wconf 85' lang='lat' dir='ltr'>iuniora</span> <span class='ocrx_word' id='word_1_43' title='bbox 872 636 900 659; x_wconf 89' lang='lat' dir='ltr'>et</span> <span class='ocrx_word' id='word_1_44' title='bbox 919 630 1068 665; x_wconf 76' lang='lat' dir='ltr'>adultiora,</span> <span class='ocrx_word' id='word_1_45' title='bbox 1093 630 1193 668; x_wconf 87' lang='lat' dir='ltr'>partim</span> <span class='ocrx_word' id='word_1_46' title='bbox 1214 630 1351 667; x_wconf 86' lang='lat' dir='ltr'>solitaria,</span> <span class='ocrx_word' id='word_1_47' title='bbox 1369 631 1471 670; x_wconf 92' lang='lat' dir='ltr'>partim</span> <span class='ocrx_word' id='word_1_48' title='bbox 1492 636 1671 671; x_wconf 84' lang='lat' dir='ltr'>congregata</span> <span class='ocrx_word' id='word_1_49' title='bbox 1691 637 1719 660; x_wconf 88' lang='lat' dir='ltr'>et</span> <span class='ocrx_word' id='word_1_50' title='bbox 1736 631 1795 660; x_wconf 87' lang='lat' dir='ltr'>basi</span> <span class='ocrx_word' id='word_1_51' title='bbox 1814 642 1866 671; x_wconf 89' lang='lat' dir='ltr'>per</span> <span class='ocrx_word' id='word_1_52' title='bbox 1882 631 1975 660; x_wconf 87' lang='lat' dir='ltr'>discos</span> 
     </span>
     <span class='ocr_line' id='line_1_8' title="bbox 1064 675 1118 703; baseline 0 -8"><span class='ocrx_word' id='word_1_53' title='bbox 1064 675 1118 703; x_wconf 63' lang='lat' dir='ltr'><em>Q</em></span> 
     </span>
    </p>
   </div>
   <div class='ocr_carea' id='block_1_6' title="bbox 1084 687 1227 725">
    <p class='ocr_par' dir='ltr' id='par_1_6' title="bbox 1084 687 1227 725">
     <span class='ocr_line' id='line_1_9' title="bbox 1084 687 1227 725; baseline 0 -16"><span class='ocrx_word' id='word_1_54' title='bbox 1084 706 1091 725; x_wconf 61' lang='lat'><strong>¹</strong></span> <span class='ocrx_word' id='word_1_55' title='bbox 1137 687 1227 709; x_wconf 85' lang='lat' dir='ltr'>aucta.</span> 
     </span>
    </p>
   </div>
   <div class='ocr_carea' id='block_1_7' title="bbox 405 681 1048 720">
    <p class='ocr_par' dir='ltr' id='par_1_7' title="bbox 405 681 1048 720">
     <span class='ocr_line' id='line_1_10' title="bbox 405 681 1048 720; baseline 0 -10"><span class='ocrx_word' id='word_1_56' title='bbox 405 681 517 720; x_wconf 85' lang='lat' dir='ltr'>pedales</span> <span class='ocrx_word' id='word_1_57' title='bbox 537 681 722 718; x_wconf 82' lang='lat' dir='ltr'>confluentia,</span> <span class='ocrx_word' id='word_1_58' title='bbox 742 682 838 710; x_wconf 91' lang='lat' dir='ltr'>omnia</span> <span class='ocrx_word' id='word_1_59' title='bbox 856 682 1048 720; x_wconf 81' lang='lat' dir='ltr'>proportione</span> 
     </span>
    </p>
   </div>
   <div class='ocr_carea' id='block_1_8' title="bbox 1025 945 1330 1053">
    <p class='ocr_par' dir='ltr' id='par_1_8' title="bbox 1025 945 1330 1053">
     <span class='ocr_line' id='line_1_11' title="bbox 1151 945 1218 980; baseline 0 0"><span class='ocrx_word' id='word_1_60' title='bbox 1151 945 1218 980; x_wconf 90' lang='lat' dir='ltr'>HI.</span> 
     </span>
     <span class='ocr_line' id='line_1_12' title="bbox 1025 1016 1330 1053; baseline -0.003 0"><span class='ocrx_word' id='word_1_61' title='bbox 1025 1016 1330 1053; x_wconf 89' lang='lat' dir='ltr'><strong>SCIADIUM.</strong></span> 
     </span>
    </p>
   </div>
   <div class='ocr_carea' id='block_1_9' title="bbox 400 1108 1975 1604">
    <p class='ocr_par' dir='ltr' id='par_1_9' title="bbox 400 1108 1975 1604">
     <span class='ocr_line' id='line_1_13' title="bbox 541 1108 1970 1160; baseline 0.001 -15"><span class='ocrx_word' id='word_1_62' title='bbox 541 1109 707 1145; x_wconf 88' lang='lat' dir='ltr'>Plantula</span> <span class='ocrx_word' id='word_1_63' title='bbox 728 1123 770 1145; x_wconf 81' lang='lat' dir='ltr'>ex</span> <span class='ocrx_word' id='word_1_64' title='bbox 791 1108 978 1145; x_wconf 88' lang='lat' dir='ltr'>individuo</span> <span class='ocrx_word' id='word_1_65' title='bbox 999 1109 1140 1159; x_wconf 84' lang='lat' dir='ltr'>singulo</span> <span class='ocrx_word' id='word_1_66' title='bbox 1172 1109 1343 1144; x_wconf 87' lang='lat' dir='ltr'>familiam</span> <span class='ocrx_word' id='word_1_67' title='bbox 1366 1111 1657 1145; x_wconf 85' lang='lat' dir='ltr'>coenobioticam</span> <span class='ocrx_word' id='word_1_68' title='bbox 1671 1112 1726 1157; x_wconf 91' lang='lat'>(¹)</span> <span class='ocrx_word' id='word_1_69' title='bbox 1748 1111 1970 1160; x_wconf 87' lang='lat' dir='ltr'>producens.</span> 
     </span>
     <span class='ocr_line' id='line_1_14' title="bbox 404 1172 1972 1223; baseline 0 -13"><span class='ocrx_word' id='word_1_70' title='bbox 404 1174 554 1210; x_wconf 78' lang='lat' dir='ltr'>Thallus</span> <span class='ocrx_word' id='word_1_71' title='bbox 583 1175 820 1223; x_wconf 79' lang='lat' dir='ltr'>generationis</span> <span class='ocrx_word' id='word_1_72' title='bbox 840 1175 976 1222; x_wconf 81' lang='lat' dir='ltr'>primae</span> <span class='ocrx_word' id='word_1_73' title='bbox 1000 1173 1210 1218; x_wconf 83' lang='lat' dir='ltr'>(solitariae)</span> <span class='ocrx_word' id='word_1_74' title='bbox 1238 1172 1399 1217; x_wconf 77' lang='lat' dir='ltr'>adflatus,</span> <span class='ocrx_word' id='word_1_75' title='bbox 1427 1173 1686 1218; x_wconf 85' lang='lat' dir='ltr'>unicellularis,</span> <span class='ocrx_word' id='word_1_76' title='bbox 1720 1174 1852 1210; x_wconf 88' lang='lat' dir='ltr'>cellula</span> <span class='ocrx_word' id='word_1_77' title='bbox 1872 1175 1972 1210; x_wconf 90' lang='lat' dir='ltr'>elon-</span> 
     </span>
     <span class='ocr_line' id='line_1_15' title="bbox 403 1237 1975 1288; baseline 0.001 -15"><span class='ocrx_word' id='word_1_78' title='bbox 403 1247 491 1288; x_wconf 85' lang='lat' dir='ltr'>gata,</span> <span class='ocrx_word' id='word_1_79' title='bbox 524 1237 733 1288; x_wconf 77' lang='lat' dir='ltr'>cylindrica,</span> <span class='ocrx_word' id='word_1_80' title='bbox 757 1245 866 1281; x_wconf 86' lang='lat' dir='ltr'>recta,</span> <span class='ocrx_word' id='word_1_81' title='bbox 890 1237 964 1272; x_wconf 90' lang='lat' dir='ltr'>basi</span> <span class='ocrx_word' id='word_1_82' title='bbox 984 1239 1103 1287; x_wconf 86' lang='lat' dir='ltr'>stipite</span> <span class='ocrx_word' id='word_1_83' title='bbox 1131 1239 1231 1272; x_wconf 87' lang='lat' dir='ltr'>tenui</span> <span class='ocrx_word' id='word_1_84' title='bbox 1251 1239 1434 1281; x_wconf 87' lang='lat' dir='ltr'>instructa,</span> <span class='ocrx_word' id='word_1_85' title='bbox 1466 1239 1652 1272; x_wconf 83' lang='lat' dir='ltr'>iuventute</span> <span class='ocrx_word' id='word_1_86' title='bbox 1676 1237 1975 1287; x_wconf 86' lang='lat' dir='ltr'>holoplasmatica</span> 
     </span>
     <span class='ocr_line' id='line_1_16' title="bbox 402 1300 1970 1351; baseline 0 -14"><span class='ocrx_word' id='word_1_87' title='bbox 402 1310 437 1337; x_wconf 88' lang='lat' dir='ltr'>et</span> <span class='ocrx_word' id='word_1_88' title='bbox 464 1301 615 1351; x_wconf 85' lang='lat' dir='ltr'>globulo</span> <span class='ocrx_word' id='word_1_89' title='bbox 645 1300 795 1336; x_wconf 86' lang='lat' dir='ltr'>centrali</span> <span class='ocrx_word' id='word_1_90' title='bbox 822 1302 1013 1344; x_wconf 87' lang='lat' dir='ltr'>instructa,</span> <span class='ocrx_word' id='word_1_91' title='bbox 1051 1308 1164 1335; x_wconf 89' lang='lat' dir='ltr'>aetate</span> <span class='ocrx_word' id='word_1_92' title='bbox 1193 1300 1522 1350; x_wconf 88' lang='lat' dir='ltr'>coeloplasmatica.</span> <span class='ocrx_word' id='word_1_93' title='bbox 1581 1300 1738 1336; x_wconf 85' lang='lat' dir='ltr'>Gonidia</span> <span class='ocrx_word' id='word_1_94' title='bbox 1766 1304 1908 1337; x_wconf 85' lang='lat' dir='ltr'>circiter</span> <span class='ocrx_word' id='word_1_95' title='bbox 1935 1303 1970 1346; x_wconf 82' lang='grc'>8,</span> 
     </span>
     <span class='ocr_line' id='line_1_17' title="bbox 400 1363 1975 1416; baseline 0.001 -16"><span class='ocrx_word' id='word_1_96' title='bbox 400 1365 681 1416; x_wconf 85' lang='lat' dir='ltr'>cytioplasmatis</span> <span class='ocrx_word' id='word_1_97' title='bbox 701 1363 880 1414; x_wconf 88' lang='lat' dir='ltr'>parietalis</span> <span class='ocrx_word' id='word_1_98' title='bbox 900 1366 1126 1414; x_wconf 84' lang='lat' dir='ltr'>separatione</span> <span class='ocrx_word' id='word_1_99' title='bbox 1146 1364 1356 1399; x_wconf 86' lang='lat' dir='ltr'>simultanea</span> <span class='ocrx_word' id='word_1_100' title='bbox 1377 1364 1578 1399; x_wconf 86' lang='lat' dir='ltr'>alternatim</span> <span class='ocrx_word' id='word_1_101' title='bbox 1600 1372 1689 1408; x_wconf 86' lang='lat' dir='ltr'>orta,</span> <span class='ocrx_word' id='word_1_102' title='bbox 1713 1367 1802 1400; x_wconf 89' lang='lat' dir='ltr'>serie</span> <span class='ocrx_word' id='word_1_103' title='bbox 1819 1365 1975 1415; x_wconf 83' lang='lat' dir='ltr'>simplici</span> 
     </span>
     <span class='ocr_line' id='line_1_18' title="bbox 401 1427 1969 1480; baseline 0 -16"><span class='ocrx_word' id='word_1_104' title='bbox 401 1429 592 1480; x_wconf 90' lang='lat' dir='ltr'>disposita,</span> <span class='ocrx_word' id='word_1_105' title='bbox 632 1428 779 1463; x_wconf 89' lang='lat' dir='ltr'>demum</span> <span class='ocrx_word' id='word_1_106' title='bbox 811 1441 829 1462; x_wconf 92' lang='lat' dir='ltr'>e</span> <span class='ocrx_word' id='word_1_107' title='bbox 863 1427 995 1462; x_wconf 87' lang='lat' dir='ltr'>cellula</span> <span class='ocrx_word' id='word_1_108' title='bbox 1029 1441 1150 1463; x_wconf 87' lang='lat' dir='ltr'>versus</span> <span class='ocrx_word' id='word_1_109' title='bbox 1186 1429 1324 1477; x_wconf 85' lang='lat' dir='ltr'>apicem</span> <span class='ocrx_word' id='word_1_110' title='bbox 1353 1430 1597 1463; x_wconf 84' lang='lat' dir='ltr'>circumscisse</span> <span class='ocrx_word' id='word_1_111' title='bbox 1627 1436 1749 1478; x_wconf 87' lang='lat' dir='ltr'>aperta</span> <span class='ocrx_word' id='word_1_112' title='bbox 1782 1437 1969 1478; x_wconf 85' lang='lat' dir='ltr'>protrusa,</span> 
     </span>
     <span class='ocr_line' id='line_1_19' title="bbox 400 1490 1974 1543; baseline 0 -15"><span class='ocrx_word' id='word_1_113' title='bbox 400 1496 436 1528; x_wconf 90' lang='lat' dir='ltr'>in</span> <span class='ocrx_word' id='word_1_114' title='bbox 462 1495 542 1543; x_wconf 90' lang='lat' dir='ltr'>ipso</span> <span class='ocrx_word' id='word_1_115' title='bbox 571 1491 724 1527; x_wconf 85' lang='lat' dir='ltr'>cellulae</span> <span class='ocrx_word' id='word_1_116' title='bbox 744 1490 935 1526; x_wconf 88' lang='lat' dir='ltr'>matricalis</span> <span class='ocrx_word' id='word_1_117' title='bbox 964 1503 1027 1526; x_wconf 90' lang='lat' dir='ltr'>ore</span> <span class='ocrx_word' id='word_1_118' title='bbox 1055 1499 1193 1526; x_wconf 87' lang='lat' dir='ltr'>retenta</span> <span class='ocrx_word' id='word_1_119' title='bbox 1222 1492 1345 1540; x_wconf 87' lang='lat' dir='ltr'>ibique</span> <span class='ocrx_word' id='word_1_120' title='bbox 1374 1493 1409 1525; x_wconf 92' lang='lat' dir='ltr'>in</span> <span class='ocrx_word' id='word_1_121' title='bbox 1428 1491 1627 1526; x_wconf 87' lang='lat' dir='ltr'>umbellam</span> <span class='ocrx_word' id='word_1_122' title='bbox 1658 1504 1676 1526; x_wconf 90' lang='lat' dir='ltr'>e</span> <span class='ocrx_word' id='word_1_123' title='bbox 1703 1491 1844 1527; x_wconf 85' lang='lat' dir='ltr'>cellulis</span> <span class='ocrx_word' id='word_1_124' title='bbox 1870 1495 1974 1528; x_wconf 87' lang='lat' dir='ltr'>matri</span> 
     </span>
     <span class='ocr_line' id='line_1_20' title="bbox 400 1553 1972 1604; baseline -0.001 -12"><span class='ocrx_word' id='word_1_125' title='bbox 400 1556 576 1592; x_wconf 83' lang='lat' dir='ltr'>similibus</span> <span class='ocrx_word' id='word_1_126' title='bbox 607 1554 815 1602; x_wconf 88' lang='lat' dir='ltr'>(individuis</span> <span class='ocrx_word' id='word_1_127' title='bbox 843 1556 1082 1604; x_wconf 84' lang='lat' dir='ltr'>generationis</span> <span class='ocrx_word' id='word_1_128' title='bbox 1110 1553 1289 1589; x_wconf 84' lang='lat' dir='ltr'>secundae</span> <span class='ocrx_word' id='word_1_129' title='bbox 1318 1555 1537 1589; x_wconf 85' lang='lat' dir='ltr'>coenobium</span> <span class='ocrx_word' id='word_1_130' title='bbox 1558 1556 1875 1603; x_wconf 86' lang='lat' dir='ltr'>constituentibus)</span> <span class='ocrx_word' id='word_1_131' title='bbox 1913 1569 1972 1591; x_wconf 86' lang='lat' dir='ltr'>ex-</span> 
     </span>
    </p>
   </div>
   <div class='ocr_carea' id='block_1_10' title="bbox 400 1617 1972 1719">
    <p class='ocr_par' dir='ltr' id='par_1_10' title="bbox 400 1617 1972 1719">
     <span class='ocr_line' id='line_1_21' title="bbox 400 1617 1971 1668; baseline -0.001 -12"><span class='ocrx_word' id='word_1_132' title='bbox 400 1622 615 1663; x_wconf 84' lang='lat' dir='ltr'>crescentia,</span> <span class='ocrx_word' id='word_1_133' title='bbox 649 1618 750 1668; x_wconf 88' lang='lat' dir='ltr'>quod</span> <span class='ocrx_word' id='word_1_134' title='bbox 778 1617 875 1653; x_wconf 88' lang='lat' dir='ltr'>idem</span> <span class='ocrx_word' id='word_1_135' title='bbox 903 1620 939 1652; x_wconf 87' lang='lat' dir='ltr'>in</span> <span class='ocrx_word' id='word_1_136' title='bbox 966 1619 1070 1652; x_wconf 86' lang='lat' dir='ltr'>tertia</span> <span class='ocrx_word' id='word_1_137' title='bbox 1099 1625 1133 1652; x_wconf 90' lang='lat' dir='ltr'>et</span> <span class='ocrx_word' id='word_1_138' title='bbox 1163 1631 1271 1667; x_wconf 87' lang='lat' dir='ltr'>saepe</span> <span class='ocrx_word' id='word_1_139' title='bbox 1290 1625 1416 1667; x_wconf 87' lang='lat' dir='ltr'>quarta</span> <span class='ocrx_word' id='word_1_140' title='bbox 1445 1620 1674 1667; x_wconf 80' lang='lat' dir='ltr'>generatione</span> <span class='ocrx_word' id='word_1_141' title='bbox 1701 1620 1889 1668; x_wconf 86' lang='lat' dir='ltr'>repetitur,</span> <span class='ocrx_word' id='word_1_142' title='bbox 1921 1619 1971 1654; x_wconf 88' lang='lat' dir='ltr'>fa-</span> 
     </span>
     <span class='ocr_line' id='line_1_22' title="bbox 400 1668 1972 1719; baseline -0.001 -12"><span class='ocrx_word' id='word_1_143' title='bbox 400 1671 496 1707; x_wconf 89' lang='lat' dir='ltr'>milia</span> <span class='ocrx_word' id='word_1_144' title='bbox 521 1675 556 1705; x_wconf 89' lang='lat' dir='ltr'>in</span> <span class='ocrx_word' id='word_1_145' title='bbox 582 1669 780 1705; x_wconf 86' lang='lat' dir='ltr'>umbellam</span> <span class='ocrx_word' id='word_1_146' title='bbox 807 1671 1045 1718; x_wconf 85' lang='lat' dir='ltr'>compositam</span> <span class='ocrx_word' id='word_1_147' title='bbox 1070 1668 1129 1703; x_wconf 80' lang='lat' dir='ltr'>vel</span> <span class='ocrx_word' id='word_1_148' title='bbox 1149 1668 1435 1718; x_wconf 87' lang='lat' dir='ltr'>decompositam</span> <span class='ocrx_word' id='word_1_149' title='bbox 1461 1668 1618 1704; x_wconf 88' lang='lat' dir='ltr'>evoluta.</span> <span class='ocrx_word' id='word_1_150' title='bbox 1659 1668 1787 1704; x_wconf 88' lang='lat' dir='ltr'>Ultimi</span> <span class='ocrx_word' id='word_1_151' title='bbox 1815 1669 1972 1719; x_wconf 88' lang='lat' dir='ltr'>denique</span> 
     </span>
    </p>
   </div>
   <div class='ocr_carea' id='block_1_11' title="bbox 398 1731 1972 1846">
    <p class='ocr_par' dir='ltr' id='par_1_11' title="bbox 398 1731 1972 1846">
     <span class='ocr_line' id='line_1_23' title="bbox 398 1731 1972 1782; baseline -0.001 -12"><span class='ocrx_word' id='word_1_152' title='bbox 398 1734 641 1770; x_wconf 85' lang='lat' dir='ltr'>umbellarum</span> <span class='ocrx_word' id='word_1_153' title='bbox 655 1735 748 1768; x_wconf 85' lang='lat' dir='ltr'>rami</span> <span class='ocrx_word' id='word_1_154' title='bbox 764 1732 935 1779; x_wconf 88' lang='lat' dir='ltr'>(cellulae</span> <span class='ocrx_word' id='word_1_155' title='bbox 950 1731 1098 1767; x_wconf 87' lang='lat' dir='ltr'>ultimae</span> <span class='ocrx_word' id='word_1_156' title='bbox 1114 1734 1368 1781; x_wconf 85' lang='lat' dir='ltr'>generationis)</span> <span class='ocrx_word' id='word_1_157' title='bbox 1385 1732 1600 1782; x_wconf 87' lang='lat' dir='ltr'>zoogonidia</span> <span class='ocrx_word' id='word_1_158' title='bbox 1615 1732 1844 1782; x_wconf 89' lang='lat' dir='ltr'>proferentes</span> <span class='ocrx_word' id='word_1_159' title='bbox 1857 1733 1972 1770; x_wconf 87' lang='lat' dir='ltr'>libere</span> 
     </span>
     <span class='ocr_line' id='line_1_24' title="bbox 400 1795 1486 1846; baseline -0.004 -12"><span class='ocrx_word' id='word_1_160' title='bbox 400 1799 647 1841; x_wconf 81' lang='lat' dir='ltr'>examinantia,</span> <span class='ocrx_word' id='word_1_161' title='bbox 671 1796 841 1846; x_wconf 85' lang='lat' dir='ltr'>oblonga,</span> <span class='ocrx_word' id='word_1_162' title='bbox 865 1795 956 1831; x_wconf 86' lang='lat' dir='ltr'>ciliis</span> <span class='ocrx_word' id='word_1_163' title='bbox 967 1796 1170 1831; x_wconf 85' lang='lat' dir='ltr'>vibratoriis</span> <span class='ocrx_word' id='word_1_164' title='bbox 1189 1796 1281 1830; x_wconf 89' lang='lat' dir='ltr'>binis</span> <span class='ocrx_word' id='word_1_165' title='bbox 1302 1798 1486 1831; x_wconf 89' lang='lat' dir='ltr'>instructa.</span> 
     </span>
    </p>
   </div>
   <div class='ocr_carea' id='block_1_12' title="bbox 949 1902 1417 1931">
    <p class='ocr_par' dir='ltr' id='par_1_12' title="bbox 949 1902 1417 1931">
     <span class='ocr_line' id='line_1_25' title="bbox 949 1902 1417 1931; baseline -0.002 0"><span class='ocrx_word' id='word_1_166' title='bbox 949 1903 1115 1931; x_wconf 89' lang='lat' dir='ltr'>Historia</span> <span class='ocrx_word' id='word_1_167' title='bbox 1138 1908 1171 1931; x_wconf 87' lang='lat' dir='ltr'>et</span> <span class='ocrx_word' id='word_1_168' title='bbox 1195 1902 1417 1931; x_wconf 80' lang='lat' dir='ltr'>affinitates.</span> 
     </span>
    </p>
   </div>
   <div class='ocr_carea' id='block_1_13' title="bbox 398 1965 1970 2364">
    <p class='ocr_par' dir='ltr' id='par_1_13' title="bbox 398 1965 1970 2364">
     <span class='ocr_line' id='line_1_26' title="bbox 501 1965 1970 2006; baseline 0 -10"><span class='ocrx_word' id='word_1_169' title='bbox 501 1968 606 1997; x_wconf 88' lang='lat' dir='ltr'>Sciadii</span> <span class='ocrx_word' id='word_1_170' title='bbox 626 1967 760 2006; x_wconf 87' lang='lat' dir='ltr'>speciem,</span> <span class='ocrx_word' id='word_1_171' title='bbox 780 1977 862 2005; x_wconf 89' lang='lat' dir='ltr'>quam</span> <span class='ocrx_word' id='word_1_172' title='bbox 882 1966 1028 2004; x_wconf 86' lang='lat' dir='ltr'>hucusque</span> <span class='ocrx_word' id='word_1_173' title='bbox 1043 1966 1189 2006; x_wconf 86' lang='lat' dir='ltr'>cognitam</span> <span class='ocrx_word' id='word_1_174' title='bbox 1204 1966 1306 2001; x_wconf 86' lang='lat' dir='ltr'>habeo,</span> <span class='ocrx_word' id='word_1_175' title='bbox 1323 1966 1434 1994; x_wconf 89' lang='lat' dir='ltr'>unicam</span> <span class='ocrx_word' id='word_1_176' title='bbox 1451 1965 1585 2005; x_wconf 84' lang='lat' dir='ltr'>Friburgi</span> <span class='ocrx_word' id='word_1_177' title='bbox 1600 1966 1769 2006; x_wconf 84' lang='lat' dir='ltr'>Brisgoviae</span> <span class='ocrx_word' id='word_1_178' title='bbox 1784 1972 1888 1996; x_wconf 87' lang='lat' dir='ltr'>aestate</span> <span class='ocrx_word' id='word_1_179' title='bbox 1903 1968 1970 1996; x_wconf 87' lang='lat' dir='ltr'>anni</span> 
     </span>
     <span class='ocr_line' id='line_1_27' title="bbox 400 2017 1968 2057; baseline -0.001 -9"><span class='ocrx_word' id='word_1_180' title='bbox 400 2021 466 2050; x_wconf 53' lang='lat'>1331?</span> <span class='ocrx_word' id='word_1_181' title='bbox 488 2020 580 2048; x_wconf 84' lang='lat' dir='ltr'>detexi</span> <span class='ocrx_word' id='word_1_182' title='bbox 600 2024 628 2047; x_wconf 90' lang='lat' dir='ltr'>et</span> <span class='ocrx_word' id='word_1_183' title='bbox 648 2024 745 2057; x_wconf 87' lang='lat' dir='ltr'>postea</span> <span class='ocrx_word' id='word_1_184' title='bbox 765 2017 893 2056; x_wconf 88' lang='lat' dir='ltr'>pluribus</span> <span class='ocrx_word' id='word_1_185' title='bbox 914 2018 983 2045; x_wconf 83' lang='lat' dir='ltr'>locis</span> <span class='ocrx_word' id='word_1_186' title='bbox 1003 2017 1079 2046; x_wconf 86' lang='lat' dir='ltr'>inter</span> <span class='ocrx_word' id='word_1_187' title='bbox 1098 2028 1127 2045; x_wconf 87' lang='lat' dir='ltr'>se</span> <span class='ocrx_word' id='word_1_188' title='bbox 1146 2017 1344 2046; x_wconf 79' lang='lat' dir='ltr'>remotissimis</span> <span class='ocrx_word' id='word_1_189' title='bbox 1365 2023 1412 2045; x_wconf 86' lang='lat' dir='ltr'>aut</span> <span class='ocrx_word' id='word_1_190' title='bbox 1432 2017 1491 2056; x_wconf 88' lang='lat' dir='ltr'>ipse</span> <span class='ocrx_word' id='word_1_191' title='bbox 1511 2017 1614 2056; x_wconf 89' lang='lat' dir='ltr'>reperi,</span> <span class='ocrx_word' id='word_1_192' title='bbox 1633 2023 1680 2045; x_wconf 88' lang='lat' dir='ltr'>aut</span> <span class='ocrx_word' id='word_1_193' title='bbox 1694 2017 1728 2046; x_wconf 87' lang='lat' dir='ltr'>ab</span> <span class='ocrx_word' id='word_1_194' title='bbox 1747 2017 1807 2046; x_wconf 87' lang='lat' dir='ltr'>aliis</span> <span class='ocrx_word' id='word_1_195' title='bbox 1826 2024 1968 2056; x_wconf 84' lang='lat' dir='ltr'>repertam</span> 
     </span>
     <span class='ocr_line' id='line_1_28' title="bbox 398 2068 1970 2109; baseline -0.002 -8"><span class='ocrx_word' id='word_1_196' title='bbox 398 2082 458 2101; x_wconf 88' lang='lat' dir='ltr'>esse</span> <span class='ocrx_word' id='word_1_197' title='bbox 473 2071 578 2109; x_wconf 86' lang='lat' dir='ltr'>accepi.</span> <span class='ocrx_word' id='word_1_198' title='bbox 629 2069 672 2098; x_wconf 87' lang='lat' dir='ltr'>Cl.</span> <span class='ocrx_word' id='word_1_199' title='bbox 694 2072 819 2103; x_wconf 67' lang='lat' dir='ltr'>Kt&#39;itzing</span> <span class='ocrx_word' id='word_1_200' title='bbox 840 2068 994 2107; x_wconf 79' lang='lat' dir='ltr'>plantulam</span> <span class='ocrx_word' id='word_1_201' title='bbox 1022 2079 1085 2096; x_wconf 87' lang='lat' dir='ltr'>cum</span> <span class='ocrx_word' id='word_1_202' title='bbox 1113 2068 1174 2107; x_wconf 91' lang='lat' dir='ltr'>ipso</span> <span class='ocrx_word' id='word_1_203' title='bbox 1203 2068 1440 2096; x_wconf 81' lang='lat' dir='ltr'>communicatam</span> <span class='ocrx_word' id='word_1_204' title='bbox 1471 2068 1499 2096; x_wconf 92' lang='lat' dir='ltr'>in</span> <span class='ocrx_word' id='word_1_205' title='bbox 1520 2079 1608 2107; x_wconf 87' lang='lat' dir='ltr'>opere</span> <span class='ocrx_word' id='word_1_206' title='bbox 1627 2069 1736 2107; x_wconf 82' lang='lat' dir='ltr'>species</span> <span class='ocrx_word' id='word_1_207' title='bbox 1755 2068 1893 2108; x_wconf 81' lang='lat' dir='ltr'>Algarum</span> <span class='ocrx_word' id='word_1_208' title='bbox 1914 2075 1970 2098; x_wconf 81' lang='lat' dir='ltr'>tra-</span> 
     </span>
     <span class='ocr_line' id='line_1_29' title="bbox 398 2119 1969 2159; baseline -0.002 -7"><span class='ocrx_word' id='word_1_209' title='bbox 398 2128 492 2152; x_wconf 87' lang='lat' dir='ltr'>ctante</span> <span class='ocrx_word' id='word_1_210' title='bbox 508 2122 607 2158; x_wconf 52' lang='lat' dir='ltr'>(issia)</span> <span class='ocrx_word' id='word_1_211' title='bbox 628 2132 653 2159; x_wconf 90' lang='lat' dir='ltr'>p.</span> <span class='ocrx_word' id='word_1_212' title='bbox 671 2121 721 2149; x_wconf 60' lang='lat'>,230</span> <span class='ocrx_word' id='word_1_213' title='bbox 741 2119 816 2148; x_wconf 90' lang='lat' dir='ltr'>inter</span> <span class='ocrx_word' id='word_1_214' title='bbox 834 2122 1062 2147; x_wconf 75' lang='lat' dir='ltr'>Vaucheriaceas</span> <span class='ocrx_word' id='word_1_215' title='bbox 1082 2119 1203 2155; x_wconf 84' lang='lat' dir='ltr'>admisit,</span> <span class='ocrx_word' id='word_1_216' title='bbox 1227 2122 1403 2147; x_wconf 77' lang='lat' dir='ltr'>Vaucheriae</span> <span class='ocrx_word' id='word_1_217' title='bbox 1419 2125 1447 2148; x_wconf 84' lang='lat' dir='ltr'>et</span> <span class='ocrx_word' id='word_1_218' title='bbox 1464 2121 1622 2155; x_wconf 73' lang='lat' dir='ltr'>Bryopsidi</span> <span class='ocrx_word' id='word_1_219' title='bbox 1640 2119 1856 2148; x_wconf 86' lang='lat' dir='ltr'>conterminam.</span> <span class='ocrx_word' id='word_1_220' title='bbox 1884 2122 1923 2148; x_wconf 86' lang='lat' dir='ltr'>At</span> <span class='ocrx_word' id='word_1_221' title='bbox 1935 2120 1969 2150; x_wconf 85' lang='lat' dir='ltr'>ab</span> 
     </span>
     <span class='ocr_line' id='line_1_30' title="bbox 398 2169 1968 2212; baseline -0.001 -10"><span class='ocrx_word' id='word_1_222' title='bbox 398 2180 521 2212; x_wconf 85' lang='lat' dir='ltr'>utroque</span> <span class='ocrx_word' id='word_1_223' title='bbox 541 2182 648 2211; x_wconf 83' lang='lat' dir='ltr'>genere</span> <span class='ocrx_word' id='word_1_224' title='bbox 667 2176 746 2199; x_wconf 87' lang='lat' dir='ltr'>certo</span> <span class='ocrx_word' id='word_1_225' title='bbox 766 2170 933 2210; x_wconf 84' lang='lat' dir='ltr'>longissime</span> <span class='ocrx_word' id='word_1_226' title='bbox 953 2170 1053 2205; x_wconf 87' lang='lat' dir='ltr'>distat,</span> <span class='ocrx_word' id='word_1_227' title='bbox 1073 2181 1133 2199; x_wconf 93' lang='lat' dir='ltr'>non</span> <span class='ocrx_word' id='word_1_228' title='bbox 1152 2170 1244 2198; x_wconf 91' lang='lat' dir='ltr'>solum</span> <span class='ocrx_word' id='word_1_229' title='bbox 1273 2170 1501 2198; x_wconf 80' lang='lat' dir='ltr'>fructificationis</span> <span class='ocrx_word' id='word_1_230' title='bbox 1529 2169 1626 2198; x_wconf 89' lang='lat' dir='ltr'>indole</span> <span class='ocrx_word' id='word_1_231' title='bbox 1654 2170 1779 2205; x_wconf 85' lang='lat' dir='ltr'>diversa,</span> <span class='ocrx_word' id='word_1_232' title='bbox 1809 2171 1858 2199; x_wconf 81' lang='lat' dir='ltr'>sed</span> <span class='ocrx_word' id='word_1_233' title='bbox 1884 2171 1968 2200; x_wconf 88' lang='lat' dir='ltr'>etiam</span> 
     </span>
     <span class='ocr_line' id='line_1_31' title="bbox 400 2221 1969 2264; baseline -0.001 -11"><span class='ocrx_word' id='word_1_234' title='bbox 400 2224 592 2264; x_wconf 79' lang='lat' dir='ltr'>vegetatione,</span> <span class='ocrx_word' id='word_1_235' title='bbox 610 2234 696 2261; x_wconf 89' lang='lat' dir='ltr'>quum</span> <span class='ocrx_word' id='word_1_236' title='bbox 716 2221 815 2250; x_wconf 88' lang='lat' dir='ltr'>cellula</span> <span class='ocrx_word' id='word_1_237' title='bbox 835 2221 951 2257; x_wconf 82' lang='lat' dir='ltr'>Sciadii,</span> <span class='ocrx_word' id='word_1_238' title='bbox 970 2222 1097 2260; x_wconf 89' lang='lat' dir='ltr'>quamvis</span> <span class='ocrx_word' id='word_1_239' title='bbox 1117 2221 1197 2250; x_wconf 87' lang='lat' dir='ltr'>valde</span> <span class='ocrx_word' id='word_1_240' title='bbox 1217 2221 1378 2260; x_wconf 85' lang='lat' dir='ltr'>elongatur,</span> <span class='ocrx_word' id='word_1_241' title='bbox 1398 2221 1577 2249; x_wconf 89' lang='lat' dir='ltr'>incremento</span> <span class='ocrx_word' id='word_1_242' title='bbox 1591 2226 1685 2249; x_wconf 83' lang='lat' dir='ltr'>tamen</span> <span class='ocrx_word' id='word_1_243' title='bbox 1704 2222 1848 2250; x_wconf 83' lang='lat' dir='ltr'>terminali</span> <span class='ocrx_word' id='word_1_244' title='bbox 1867 2233 1888 2251; x_wconf 92' lang='lat' dir='ltr'>s.</span> <span class='ocrx_word' id='word_1_245' title='bbox 1909 2223 1969 2262; x_wconf 89' lang='lat' dir='ltr'>api-</span> 
     </span>
     <span class='ocr_line' id='line_1_32' title="bbox 399 2271 1969 2310; baseline -0.001 -7"><span class='ocrx_word' id='word_1_246' title='bbox 399 2275 450 2303; x_wconf 78' lang='lat' dir='ltr'>cali</span> <span class='ocrx_word' id='word_1_247' title='bbox 466 2280 569 2310; x_wconf 82' lang='lat' dir='ltr'>careat,</span> <span class='ocrx_word' id='word_1_248' title='bbox 588 2280 616 2302; x_wconf 87' lang='lat' dir='ltr'>et</span> <span class='ocrx_word' id='word_1_249' title='bbox 635 2273 752 2302; x_wconf 84' lang='lat' dir='ltr'>cellulae</span> <span class='ocrx_word' id='word_1_250' title='bbox 771 2273 955 2301; x_wconf 86' lang='lat' dir='ltr'>secundariae</span> <span class='ocrx_word' id='word_1_251' title='bbox 978 2272 1129 2300; x_wconf 81' lang='lat' dir='ltr'>umbellam</span> <span class='ocrx_word' id='word_1_252' title='bbox 1150 2272 1357 2301; x_wconf 86' lang='lat' dir='ltr'>constituentes</span> <span class='ocrx_word' id='word_1_253' title='bbox 1377 2272 1494 2300; x_wconf 85' lang='lat' dir='ltr'>minime</span> <span class='ocrx_word' id='word_1_254' title='bbox 1522 2271 1638 2300; x_wconf 83' lang='lat' dir='ltr'>cellulae</span> <span class='ocrx_word' id='word_1_255' title='bbox 1663 2272 1812 2310; x_wconf 87' lang='lat' dir='ltr'>primariae</span> <span class='ocrx_word' id='word_1_256' title='bbox 1831 2273 1969 2302; x_wconf 85' lang='lat' dir='ltr'>ramifica-</span> 
     </span>
     <span class='ocr_line' id='line_1_33' title="bbox 400 2322 1968 2364; baseline -0.001 -10"><span class='ocrx_word' id='word_1_257' title='bbox 400 2326 488 2362; x_wconf 89' lang='lat' dir='ltr'>tione,</span> <span class='ocrx_word' id='word_1_258' title='bbox 512 2326 560 2354; x_wconf 90' lang='lat' dir='ltr'>sed</span> <span class='ocrx_word' id='word_1_259' title='bbox 586 2335 724 2364; x_wconf 86' lang='lat' dir='ltr'>processu</span> <span class='ocrx_word' id='word_1_260' title='bbox 749 2334 848 2352; x_wconf 86' lang='lat' dir='ltr'>revera</span> <span class='ocrx_word' id='word_1_261' title='bbox 874 2323 1081 2363; x_wconf 83' lang='lat' dir='ltr'>propagatorio</span> <span class='ocrx_word' id='word_1_262' title='bbox 1102 2324 1241 2351; x_wconf 85' lang='lat' dir='ltr'>oriantur.</span> <span class='ocrx_word' id='word_1_263' title='bbox 1285 2323 1367 2351; x_wconf 90' lang='lat' dir='ltr'>Haud</span> <span class='ocrx_word' id='word_1_264' title='bbox 1387 2322 1470 2351; x_wconf 88' lang='lat' dir='ltr'>dubia</span> <span class='ocrx_word' id='word_1_265' title='bbox 1490 2322 1605 2351; x_wconf 79' lang='lat' dir='ltr'>Sciadio</span> <span class='ocrx_word' id='word_1_266' title='bbox 1624 2322 1744 2351; x_wconf 80' lang='lat' dir='ltr'>affinitas</span> <span class='ocrx_word' id='word_1_267' title='bbox 1760 2329 1803 2352; x_wconf 85' lang='lat' dir='ltr'>est</span> <span class='ocrx_word' id='word_1_268' title='bbox 1821 2335 1884 2352; x_wconf 90' lang='lat' dir='ltr'>cum</span> <span class='ocrx_word' id='word_1_269' title='bbox 1903 2324 1968 2353; x_wconf 81' lang='lat' dir='ltr'>Pal-</span> 
     </span>
    </p>
   </div>
   <div class='ocr_carea' id='block_1_14' title="bbox 473 2477 1135 2520">
    <p class='ocr_par' dir='ltr' id='par_1_14' title="bbox 473 2477 1135 2520">
     <span class='ocr_line' id='line_1_34' title="bbox 473 2477 1135 2520; baseline -0.003 -10"><span class='ocrx_word' id='word_1_270' title='bbox 473 2477 521 2520; x_wconf 92' lang='lat'>(¹)</span> <span class='ocrx_word' id='word_1_271' title='bbox 549 2480 650 2510; x_wconf 78' lang='lat' dir='ltr'>Consr.</span> <span class='ocrx_word' id='word_1_272' title='bbox 671 2482 700 2510; x_wconf 93' lang='lat' dir='ltr'>in</span> <span class='ocrx_word' id='word_1_273' title='bbox 719 2481 937 2511; x_wconf 83' lang='lat' dir='ltr'>introductione</span> <span class='ocrx_word' id='word_1_274' title='bbox 956 2486 1053 2509; x_wconf 86' lang='lat' dir='ltr'>nostra</span> <span class='ocrx_word' id='word_1_275' title='bbox 1071 2491 1096 2520; x_wconf 93' lang='lat' dir='ltr'>p.</span> <span class='ocrx_word' id='word_1_276' title='bbox 1109 2486 1135 2512; x_wconf 89' lang='lat'>9.</span> 
     </span>
    </p>
   </div>
  </div>
 </body>
</html>
