2225 3020
967 221 1010 257 51

209 324 428 358 coenobium
454 322 691 358 umbellatum
721 324 971 358 constituentia
991 323 1060 368 (¹).
1114 323 1305 359 Individua
1331 325 1509 360 secundae
1532 327 1768 374 generationis

208 386 278 421 hoc
303 386 413 421 modo
442 388 632 421 coniuncta
658 393 838 421 caeterum
872 388 969 420 omni
996 386 1070 421 fere
1099 390 1236 422 ratione
1263 400 1344 421 cum
1370 388 1555 424 individuo
1580 391 1762 438 primari0‚

207 452 308 484 cuius
327 449 457 485 cellula
483 457 650 484 evacuata
670 451 906 493 sustinentur,
939 452 1176 493 conveniunt,
1210 464 1322 499 quum
1345 451 1495 486 similem
1516 455 1663 487 omnino
1684 465 1766 488 evo-

208 512 353 547 lutionis
377 512 519 562 cyclum
549 520 776 561 percurrant,
808 525 874 547 nec
894 512 1135 561 magnitudine
1152 513 1322 548 inferiora
1346 515 1427 548 sint.
1466 514 1612 564 Stipites
1632 529 1768 557 eorum,

206 576 281 610 basi
300 578 335 610 in
350 575 561 610 fasciculum
580 577 762 611 coniuncti
782 583 817 611 et
835 578 871 610 in
890 576 1018 610 tubum
1038 583 1202 625 apertum
1230 576 1382 611 cellulae
1411 579 1598 613 matricalis
1627 579 1768 628 paullu-

206 638 280 673 lum
300 641 482 683 intrantes,
506 641 620 689 prima
647 641 832 674 iuventute
860 641 940 674 satis
960 638 1122 674 distincte
1142 641 1178 673 in
1197 639 1295 675 collo
1316 639 1468 675 cellulae
1489 641 1672 691 adparent,
1705 642 1767 678 sed

205 714 288 736 mox
317 704 516 738 secretione
551 702 709 737 colorata
738 703 944 738 obruuntur
977 710 1012 737 et
1039 702 1288 738 obfuscantur.
1344 703 1442 738 Haec
1471 707 1634 749 secretio,
1667 705 1766 741 disco

204 764 324 814 pedali
352 765 527 802 individui
553 767 712 815 primarii
740 766 900 815 analoga,
935 779 1048 814 quum
1076 767 1111 800 in
1138 765 1250 801 latum
1279 766 1436 801 diffundi
1456 776 1623 817 nequeat,
1655 771 1690 804 in
1710 777 1765 804 tu-

204 829 290 863 bum
317 842 468 864 vacuum
496 829 649 864 cellulae
677 829 866 864 matricalis
894 828 1098 873 descendit,
1131 842 1239 878 quem
1267 843 1378 865 massa
1406 832 1506 865 initio
1533 830 1761 876 fusco-lutea,

204 891 287 926 dein
314 892 433 927 fusco-
461 892 518 928 vel
547 900 930 942 atro-purpurascente
957 892 1051 927 ultra
1079 892 1250 937 medium,
1284 895 1356 928 imo
1383 893 1459 929 fere
1486 901 1603 929 totum
1631 895 1765 944 implet.

203 955 232 990 E
261 955 411 1004 gonidiis
438 958 474 990 in
500 958 606 991 ramis
633 955 814 991 umbellae
844 957 1031 1005 primariae
1059 958 1083 991 i.
1105 969 1136 991 e.
1168 956 1310 991 cellulis
1331 959 1570 1006 generationis
1589 958 1766 994 secundae

202 1021 399 1067 procreatis
425 1027 459 1054 et
479 1019 608 1054 eodem
628 1019 750 1061 modo,
769 1033 808 1054 ac
828 1019 888 1054 illa
909 1021 1147 1069 generationis
1167 1022 1319 1069 primae,
1346 1023 1493 1056 retentis
1513 1029 1548 1056 et
1567 1023 1766 1057 coniunctis

201 1082 382 1117 umbellae
411 1082 641 1118 secundariae
670 1085 692 1118 i.
713 1096 745 1118 e.
777 1083 930 1118 cellulae
959 1085 1196 1132 generationis
1223 1086 1347 1119 tertiae
1369 1084 1610 1129 evolvuntur3
1641 1098 1685 1120 ex
1704 1085 1764 1121 ha-

202 1159 282 1180 rum
311 1146 463 1194 gonidiis
493 1145 650 1195 denique
677 1146 859 1181 umbellae
886 1149 1064 1182 tertiariae
1092 1160 1119 1182 s.
1151 1149 1331 1195 generatio
1360 1156 1502 1197 quarta,
1545 1161 1637 1197 quae
1664 1148 1764 1184 fami-

201 1208 268 1243 liae
287 1209 412 1244 ultima
432 1217 502 1253 est,
527 1223 646 1259 neque
666 1222 809 1259 semper
830 1209 1124 1259 produciturff).
1156 1209 1258 1245 Radii
1286 1212 1321 1245 in
1349 1211 1517 1246 umbellis
1544 1214 1708 1247 tertiariis
1732 1220 1767 1248 et

201 1272 429 1313 secundariis,
459 1286 567 1321 quam
595 1275 631 1308 in
658 1275 836 1322 primaria,
865 1273 1050 1323 aliquanto
1078 1276 1195 1308 minus
1223 1273 1449 1323 elongantur.
1487 1275 1656 1310 Familiae
1683 1289 1765 1325 per-

202 1335 314 1371 fectae
341 1349 368 1370 s.
397 1336 608 1372 arbusculae
635 1349 701 1386 per
730 1344 888 1385 quatuor
918 1336 1047 1386 gradus
1078 1336 1244 1372 evolutae
1273 1337 1466 1381 (umbellas
1499 1338 1764 1388 decompositas

200 1400 377 1439 sistentes)
400 1398 588 1434 altitudine
610 1400 629 1450 ᾗ
653 1422 690 1426 -—
710 1400 784 1449 ξω*
812 1412 885 1434 non
904 1399 1095 1435 excedunt.

338 1461 590 1497 Generationis
618 1462 765 1498 ultimae
795 1462 952 1512 denique
981 1463 1124 1512 gonidia
1151 1476 1226 1498 non
1261 1464 1414 1514 amplius
1447 1466 1662 1509 retinentur,
1702 1465 1764 1501 sed

199 1524 312 1560 libere
341 1525 571 1575 dissipantur.
618 1526 760 1561 Horum
788 1539 939 1575 quoque
968 1529 1166 1562 emissionis
1195 1540 1214 1562 e
1242 1527 1374 1562 cellula
1402 1528 1575 1563 matricali
1602 1541 1762 1564 momen-

198 1596 275 1622 tum
309 1589 500 1624 observare
534 1589 621 1624 mihi
654 1603 728 1624 non
762 1591 934 1638 contigit,
973 1589 1033 1624 sed
1069 1589 1142 1624 vidi
1175 1590 1317 1639 gonidia
1353 1591 1476 1640 paullo
1512 1599 1614 1627 antea
1641 1594 1764 1628 emissa

198 1664 315 1701 prope
343 1652 386 1686 ab
416 1665 478 1687 ore
506 1652 659 1687 cellulae
687 1660 831 1702 apertae
859 1652 1048 1696 collocata,
1081 1655 1279 1702 agitationis
1307 1654 1456 1703 quidem
1484 1657 1654 1704 expertia,
1686 1656 1759 1700 sed,

199 1722 239 1749 ut
266 1714 395 1758 credo,
427 1715 593 1750 hebetata
621 1723 656 1750 et
683 1716 920 1761 abortiva(³·).
972 1715 1129 1751 Gonidia
1157 1718 1251 1751 enim
1279 1731 1362 1752 sana
1391 1725 1425 1753 et
1451 1718 1604 1753 valentia
1631 1722 1764 1769 zo‘ogo-

199 1777 294 1813 nidia
335 1791 410 1814 esse
445 1779 630 1814 mobiliter
657 1781 890 1814 examinantia
924 1792 963 1814 ea
991 1792 1030 1814 re
1058 1780 1205 1829 probari
1233 1780 1319 1815 mihi
1346 1780 1508 1825 videtur,
1549 1782 1649 1832 quod
1678 1795 1762 1818 zoo-

200 1841 359 1890 gonidia‚
391 1841 636 1891 magnitudine
665 1850 700 1878 et
726 1842 842 1877 forma
870 1856 952 1877 cum
980 1842 1049 1877 illis
1077 1844 1170 1878 bene
1199 1856 1368 1893 congrua,
1400 1847 1493 1880 inter
1512 1845 1643 1881 Sciadii
1661 1846 1762 1896 plan-

198 1904 291 1940 tulas
310 1908 481 1954 vagantia,
506 1918 663 1955 quorum
682 1905 857 1941 nonnulla
877 1905 1034 1955 denique
1054 1906 1275 1942 Vaucheriae
1303 1907 1372 1943 filis
1392 1907 1488 1944 lente
1509 1909 1758 1959 affigebantur,

199 1969 397 2004 observavi.
444 1969 486 2004 In
513 1969 566 2004 his
594 1969 691 2004 eilias
718 1970 929 2005 vibratorias
955 1969 1029 2005 vidi
1057 1971 1168 2014 binas,
1200 1983 1356 2020 corpore
1384 1980 1503 2016 ovato,
1536 1974 1637 2023 5¹35—
1658 1973 1764 2023 &6¹¹¹OE

198 2032 307 2081 longo
333 2032 459 2082 paullo
487 2032 746 2083 longioresffl).

678 2140 951 2179 Explicatio
980 2140 1166 2169 tabulae
1194 2141 1233 2169 II.
1253 2141 1289 2170 A.

814 2207 959 2232 Sciadium
980 2207 1142 2232 arbuscula.

337 2265 457 2305 Figurae
483 2273 491 2294 1
509 2268 570 2296 —-.l
593 2266 788 2296 evolutionem
809 2267 1003 2307 generationis
1023 2267 1140 2306 primae,
1158 2273 1173 2296 5
1187 2284 1225 2289 -
1239 2269 1254 2296 6
1269 2268 1419 2305 secundae,
1446 2275 1458 2300 7
1480 2269 1588 2304 tertiae,
1614 2276 1626 2299 S
1647 2277 1761 2308 quartae

198 2322 422 2355 repraesentant.

273 2476 320 2519 (¹)
349 2480 421 2509 Tab.
436 2480 487 2509 1V.
507 2480 561 2510 f.5.
577 2483 602 2510 6.
656 2477 704 2520 (²)
732 2482 803 2512 Ibid.
824 2482 841 2511 s.
859 2488 883 2513 7.
900 2489 923 2511 s.
983 2477 1032 2521 (³)
1059 2482 1123 2514 f.9.
1145 2488 1185 2511 10.
1237 2477 1285 2520 (⁴)
1313 2481 1332 2511 s.
1353 2490 1395 2512 11.

1412 2538 1447 2575 G
1463 2540 1484 2574 2
