2225 3020
1210 196 1231 230 6

439 301 519 344 bns,
557 296 827 347 distinguendae
859 304 942 331 sunt
973 296 1193 331 cellulorum
1225 300 1471 346 generationes
1504 298 1682 335 diversae:
1723 298 1906 334 ordinales
1933 299 2002 346 (¹),

441 376 533 413 quae
552 363 771 398 coniunctim
789 359 1016 396 individuum
1035 361 1285 409 vegetativum,
1309 361 1393 396 alias
1412 364 1636 406 continuum,
1659 362 1716 397 hic
1737 361 1951 397 dissolutum
1971 369 2007 397 et

439 429 475 462 in
499 433 617 476 partes
646 422 846 471 (individua
870 423 1049 458 inferioris
1074 422 1225 469 ordinis)
1255 422 1479 469 dissecatum‚
1510 427 1744 469 constituunt,
1776 433 1811 461 et
1836 424 2006 460 cardina·

441 492 483 524 lis
503 488 572 535 (²),
603 500 674 536 qua
698 486 927 522 fructificatio
947 488 1130 537 peragitur
1148 494 1184 522 et
1201 488 1368 523 transitus
1387 487 1432 523 ad
1450 487 1695 524 renovandam
1714 488 1933 524 ordinalium
1952 500 2006 523 se-

440 554 528 587 riem
555 550 723 586 efficitur.
770 549 874 586 Patet
903 552 1010 599 igitur
1035 550 1141 585 huius
1169 549 1302 585 indolis
1327 550 1448 600 Algas,
1485 565 1598 601 quum
1627 551 1732 601 cyclo
1759 552 1858 588 vitali
1883 564 2008 588 revera

439 613 710 650 multicellulari
736 613 924 664 gaudeant,
956 613 1130 664 adspectu
1156 621 1294 649 tantum
1319 614 1573 650 unicellulares
1606 614 2006 663 (pseudo-unicellula-

439 682 524 725 res),
560 677 759 713 secundum
785 677 981 727 biologicas
1008 679 1163 713 rationes
1189 685 1308 713 autem
1334 677 1631 714 multicellulares
1658 691 1746 723 esse,
1779 678 1877 714 unde
1903 678 2007 714 facile

439 743 656 792 perspicitur
675 755 693 776 a
712 741 860 790 reliquis
879 740 1232 785 multicellularibus,
1261 754 1354 790 quae
1379 741 1520 777 cellulis
1544 744 1720 792 contiguis
1739 750 1916 792 vegetant,
1944 755 2006 777 ne-

441 818 512 855 que
536 805 819 856 morphologicis
846 804 915 850 (3),
950 817 1070 854 neque
1096 807 1329 855 systematicis
1355 805 1409 851 (4)
1443 804 1616 841 limitibus
1645 808 1764 842 stricte
1793 804 2008 856 separandas

440 882 528 905 esse.
573 869 790 905 Charactere
818 870 926 917 magis
953 868 1131 903 essentiali
1157 867 1270 918 Algae
1297 868 1414 904 latiori
1443 882 1548 904 sensu
1574 869 1829 905 unicellulares
1853 871 2006 904 circum-

438 933 694 977 scriberentur,
730 934 758 967 si
783 934 823 966 iis
850 944 975 966 omnes
1004 931 1082 967 illas
1114 931 1307 981 adiungere
1334 932 1459 977 velles,
1499 945 1592 982 quae
1618 932 1833 968 cellularum
1862 945 2007 982 genera-

438 997 597 1033 tionibus
629 995 843 1030 similaribus
875 994 1042 1044 gaudent,
1078 997 1125 1030 ita
1154 1003 1195 1030 ut
1225 1008 1292 1045 per
1322 1009 1617 1045 unamquamque
1648 996 1830 1041 cellulam,
1865 998 1938 1032 sive
1965 996 2007 1031 li-

438 1062 578 1104 beram,
615 1061 687 1095 sive
719 1058 795 1093 aliis
826 1060 1002 1102 iunctam,
1038 1057 1118 1093 idea
1147 1058 1315 1108 specifica
1346 1059 1546 1108 aequaliter
1576 1068 1906 1110 repraesentaretur
1933 1059 2004 1106 (⁵).

439 1123 512 1160 Sed
535 1123 614 1158 talis
637 1122 832 1166 character,
866 1123 894 1156 si
918 1123 1117 1156 accuratius
1141 1134 1217 1157 rem
1242 1124 1508 1166 examinaveris,
1544 1125 1636 1158 inter
1659 1123 1767 1173 Algas
1794 1123 2007 1159 cellularum

439 1188 611 1224 divisione
635 1188 830 1236 vegetativa
853 1184 1044 1235 praeditas,
1072 1187 1130 1221 vix
1153 1184 1259 1220 ullibi
1282 1198 1406 1221 revera
1425 1185 1536 1230 adest,
1566 1200 1679 1235 quum
1703 1186 1829 1221 saltem
1854 1186 2007 1222 cellulae

437 1252 674 1301 generationis
699 1248 887 1284 cardinalis
914 1248 1175 1299 physiologice,
1205 1261 1271 1284 nec
1295 1261 1369 1284 non
1395 1249 1672 1299 morphologice
1697 1249 1894 1299 aliquando
1913 1263 1932 1285 a
1950 1263 2006 1287 re-

438 1315 545 1364 liquis
578 1313 758 1357 differant,
795 1314 905 1362 inque
937 1314 1022 1362 ipsis
1054 1313 1325 1361 generationum
1358 1312 1576 1347 ordinalium
1608 1313 1750 1348 cellulis
1782 1313 2007 1350 differentiae

438 1376 634 1414 nonnullae
653 1376 750 1412 haud
769 1375 950 1420 fortuitae,
977 1378 1189 1426 praesertim
1209 1375 1330 1425 quoad
1350 1375 1631 1425 magnitudinem
1652 1377 1721 1424 (⁶),
1751 1377 2002 1414 observentur.

438 1442 540 1478 Patet
563 1440 691 1476 exinde
717 1442 754 1475 in
777 1439 875 1475 hisce
901 1440 1069 1475 omnibus
1093 1441 1235 1474 nonnisi
1256 1452 1323 1489 per
1341 1439 1485 1490 cyclum
1506 1439 1687 1489 quendam
1706 1440 1922 1476 cellularum
1939 1455 2005 1477 no-

437 1508 573 1541 tionem
597 1503 802 1554 specificam
826 1516 950 1539 revera
975 1502 1165 1552 compleri.

576 1568 694 1603 Aliter
718 1569 867 1602 omnino
893 1579 929 1602 se
954 1566 1089 1603 habent
1106 1566 1219 1616 Algae
1244 1568 1413 1601 strictiori
1432 1580 1537 1602 sensu
1556 1567 1823 1612 unicellulares,
1853 1582 2006 1618 quarum

438 1632 561 1683 cyclus
585 1631 700 1667 vitalis
724 1633 861 1680 integer
886 1638 920 1666 et
945 1629 1116 1666 indivisus
1139 1632 1245 1665 unius
1269 1629 1422 1665 cellulae
1449 1630 1657 1666 evolutione
1677 1633 1847 1666 continua
1868 1635 2006 1683 peragi-

438 1705 511 1732 tur.
542 1695 653 1731 Nulla
672 1694 729 1730 hic
747 1707 814 1744 per
833 1693 986 1729 stadium
1004 1696 1238 1744 vegetationis
1257 1693 1411 1729 cellulae
1431 1693 1570 1738 divisio,
1595 1707 1715 1744 neque
1735 1698 2006 1745 generationum

498 1865 545 1903 (¹)
577 1863 945 1903 „Reiliengenerationen”
968 1863 1040 1902 Niig.
1063 1862 1133 1890 einz.
1153 1861 1246 1902 Algen
1270 1874 1296 1901 p.
1309 1861 1358 1890 ⁴25.

497 1924 545 1962 (²¹)
577 1917 964 1962 „Ubergangsgeneration”
988 1921 1053 1950 ibid.
1071 1921 1390 1961 (Schlussgeneration).

498 1983 545 2021 (³)
579 1982 772 2011 Conferantur
799 1983 1006 2009 Diammaceae
1034 1987 1063 2010 et
1091 1983 1307 2008 Desmz'diaceae
1336 1980 1476 2009 solitariae
1504 1992 1568 2009 cum
1596 1981 1801 2015 concatenatis;
1831 1984 2006 2018 Tetraspora

437 2046 500 2065 cum
524 2037 607 2069 (fluis,
629 2032 795 2061 intermedia
819 2034 850 2059 T.
868 2035 985 2067 bullam,
1009 2042 1091 2070 quam
1114 2034 1331 2059 Monolrematis
1354 2030 1470 2059 nomine
1490 2030 1621 2059 Ulvaceis
1643 2031 1807 2060 adnumerat
1829 2032 1863 2060 cl.
1879 2033 2005 2069 Thuret;

438 2085 621 2115 conferantur
647 2093 734 2122 porro
761 2084 961 2117 Ilm-maworn
990 2093 1053 2110 cum
1080 2084 1250 2118 UIofflriche,
1282 2084 1479 2109 Sticlzococcus
1506 2092 1569 2109 cuni
1592 2084 1752 2117 Hormidio,
1774 2084 2005 2117 Synechococcus

439 2147 500 2165 cum
525 2138 676 2163 Osvillaria
698 2139 752 2162 etc.

499 2194 545 2231 (4)
579 2196 787 2221 Diatomoceae
814 2197 842 2219 et
868 2194 1092 2227 Desmidiaceae,
1120 2191 1272 2220 secundum
1299 2190 1410 2230 Nfigelii
1436 2190 1651 2229 dispositionem
1673 2189 1752 2230 Algis
1778 2191 2006 2223 unicellularibus

439 2245 601 2283 adscriptae,
629 2242 782 2271 arctissima
803 2241 940 2270 affinitate
962 2242 1118 2282 iunguntur
1140 2253 1203 2271 cum
1226 2244 1430 2278 Zygnemaceis
1452 2252 1466 2269 e
1489 2240 1741 2269 multicellularium
1765 2252 1896 2277 numero;
1923 2244 2005 2273 simili

440 2295 523 2324 inodo
547 2298 794 2322 Chrnococcaceae
816 2303 878 2321 cum
900 2295 1095 2320 Nostocln'naeis
1118 2292 1225 2330 (latiori
1247 2292 1344 2328 sensu)
1367 2291 1464 2319 intime
1487 2291 1649 2320 cohaerent.

500 2352 547 2391 (⁵)
579 2353 651 2392 N‘a'g.
676 2352 747 2381 einz.
772 2351 836 2392 Alg.
860 2352 918 2391 p.2
935 2357 963 2380 et
977 2352 1004 2379 3.

498 2411 544 2450 (⁶)
579 2411 772 2440 Conferantur
793 2413 1001 2439 Diatomaceae
1023 2416 1052 2439 et
1073 2411 1289 2437 Desmidiaceae
1311 2409 1489 2448 (praesertim
1513 2408 1682 2445 Closteria)‚
1710 2419 1762 2438 nec
1785 2421 1843 2439 non
1866 2412 2001 2438 Gloenca-

435 2475 513 2499 psae,
537 2465 727 2496 Tetrasporae
749 2468 802 2491 etc.
