2225 3020
1193 209 1215 244 <2

425 323 586 361 rogamas
610 310 825 345 formatione
850 309 983 345 sacculi
1008 309 1251 360 embryonalis
1272 311 1326 358 (¹)
1353 311 1511 361 denique
1535 314 1572 348 in
1591 312 1837 362 endospermii
1856 325 1989 363 corpus

424 376 561 418 mutati,
585 375 642 408 cui
660 372 757 422 apud
776 380 1024 422 cryptogamas
1043 373 1243 409 vasculares
1262 375 1512 426 proembryon
1530 378 1602 412 sive
1621 375 1911 426 prothallium
1933 389 1987 412 re-

424 436 592 487 spondet.
630 436 659 470 E
678 438 889 471 transitoriis
908 435 1004 471 hisce
1024 436 1231 486 primordiis
1250 440 1419 483 nascitur,
1448 438 1728 475 foecundatione
1753 446 1909 489 peracta,
1939 439 1988 474 al-

423 508 498 536 tera
527 507 563 534 et
590 499 797 550 principalis
827 502 1064 549 generationis
1094 500 1300 549 vegetabilis
1329 504 1449 547 series,
1486 503 1530 538 ab
1562 503 1714 553 embryo
1746 504 1921 552 incipiens
1955 509 1991 538 et

423 565 604 612 stirpem
627 565 860 612 vegetativam
882 562 1103 613 producens,
1131 565 1232 598 cuius
1257 564 1464 601 evolutione
1490 568 1526 600 in
1552 568 1719 616 opposita
1739 566 1873 601 directa
1894 564 1988 600 radi-

421 628 483 670 cis,
506 625 617 661 caulis
636 634 671 661 et
688 626 862 662 foliorum
882 626 1106 662 differentiae
1126 629 1407 663 constituuntur.
1445 629 1536 664 Inde
1555 631 1592 664 in
1610 629 1851 665 adscendente
1870 630 1989 679 stirpis

420 697 523 740 parte
542 689 746 739 morphosis
765 689 908 740 plantae
927 689 1078 725 ulterius
1097 690 1332 740 progreditur
1350 699 1397 735 et,
1425 692 1598 737 stabilitis,
1628 706 1720 742 quae
1740 692 1784 728 ad
1802 695 1909 729 vitam
1928 705 1988 728 ve-

420 755 608 803 getativam
631 755 825 803 pertinent,
853 753 1188 803 metamorphoseos
1213 755 1437 799 stationibus,
1466 755 1510 790 ad
1536 769 1671 792 novum
1691 756 1845 792 stadium
1863 757 1989 791 transit

420 817 636 852 formatione
663 816 807 861 floris,
838 816 1002 866 floreque
1031 817 1211 853 mediante
1237 817 1407 853 ultimum
1435 818 1592 869 denique
1619 822 1729 855 totius
1753 821 1987 869 vegetationis

420 880 530 917 finem
553 889 660 930 atque
684 880 862 930 fastigium
888 883 1025 930 attingit
1049 883 1085 916 in
1114 883 1343 931 generatione
1368 881 1553 918 fructus.

559 943 764 993 Analogum
809 945 957 979 omnino
1003 944 1218 994 gradationis
1253 944 1404 980 modum
1440 959 1591 996 regnum
1627 947 1826 996 vegetabile
1862 947 1985 984 offert.

421 1006 571 1058 Quippe
595 1015 694 1057 patet
712 1014 833 1042 ortum
853 1006 985 1043 ducere
1005 1021 1023 1042 a
1041 1008 1322 1058 simplicioribus
1340 1009 1613 1058 vegetabilibus,
1642 1024 1734 1060 quae
1755 1023 1985 1060 organorum,

419 1079 492 1107 tam
511 1073 742 1114 exteriorum,
763 1084 871 1119 quam
887 1072 1099 1106 interiorum
1116 1071 1329 1107 differentiis
1345 1074 1566 1121 gravioribus
1582 1082 1715 1119 carent,
1734 1074 1867 1119 radice,
1886 1074 1988 1110 caule

420 1142 456 1170 et
479 1134 575 1170 foliis
600 1142 659 1169 aut
683 1136 719 1169 in
744 1147 856 1168 unum
882 1136 983 1183 quasi
1007 1134 1177 1179 confusis,
1209 1142 1269 1170 aut
1294 1136 1480 1185 ambiguis.
1523 1137 1658 1172 Iisdem
1676 1137 1785 1173 fiores
1805 1137 1935 1173 desunt
1954 1146 1990 1174 et

418 1198 556 1233 fructus
579 1200 655 1234 veri
679 1197 948 1242 desiderantum
979 1197 1265 1233 fructificationis
1290 1206 1482 1248 apparatus
1506 1213 1589 1234 cum
1614 1202 1694 1250 ipso
1714 1203 1913 1251 vegetativo
1933 1215 1987 1237 ar-

418 1263 508 1297 ctius
534 1263 761 1297 connectitur
788 1268 823 1296 et
847 1260 1137 1297 foecundationis
1163 1270 1274 1306 actus,
1304 1264 1332 1297 si
1356 1262 1453 1298 ullus
1479 1262 1590 1307 adest,
1621 1266 1762 1299 nonnisi
1789 1267 1989 1314 primanam

417 1325 560 1375 plantae
588 1324 834 1361 evolutionem
865 1325 1101 1372 (succedanea
1129 1327 1224 1361 enim
1252 1328 1434 1375 generatio
1463 1329 1611 1362 omnino
1641 1326 1756 1375 deest)
1786 1341 1988 1378 provocare

416 1389 524 1425 valet.
568 1388 650 1424 Huc
674 1390 859 1438 pertinent
881 1388 1025 1438 plantae
1052 1397 1305 1439 cryptogamae
1325 1389 1526 1434 inferiores,
1557 1390 1724 1441 aphyllae
1745 1399 1779 1427 et
1797 1405 1895 1427 mere
1914 1392 1987 1428 cel-

417 1452 561 1496 lulares,
593 1465 681 1502 quas
699 1451 927 1502 Protophyta
948 1452 1002 1499 (2)
1029 1452 1088 1488 vel
1108 1452 1426 1503 Thallophyta‚
1457 1461 1617 1503 utroque
1641 1456 1786 1490 nomine
1813 1455 1909 1491 haud
1934 1458 1986 1491 in-

418 1524 516 1566 epto,
544 1518 764 1551 recentiores
783 1524 1007 1566 nuncupant.
1049 1516 1272 1566 Proembrya
1292 1519 1393 1565 quasi
1412 1516 1617 1566 plantarum
1636 1520 1831 1568 superioris
1851 1518 1987 1555 ordinis

416 1587 685 1630 repraesentant
704 1587 738 1614 et
756 1592 880 1615 revera
899 1579 1097 1629 primordia
1113 1582 1345 1629 vegetationis
1364 1582 1399 1615 in
1418 1580 1564 1615 historia
1583 1589 1791 1631 protogaea,
1816 1595 1930 1632 aeque
1946 1597 1986 1618 ac

416 1646 452 1679 in
470 1645 584 1679 nostri
604 1645 679 1679 aevi
698 1651 845 1678 naturae
866 1645 1092 1687 oeconomia,
1116 1646 1255 1687 sistunt,
1278 1643 1555 1679 fundamentum
1572 1646 1682 1680 totius
1701 1647 1801 1695 regni
1819 1645 1987 1683 latissime

415 1720 612 1757 expansum
635 1708 814 1742 iacientes.

553 1770 710 1806 Primam
735 1770 826 1805 hanc
852 1772 1050 1821 systematis
1075 1770 1247 1805 naturalis
1272 1769 1485 1806 divisionem
1508 1771 1619 1806 altera
1645 1774 1820 1821 sequitur,
1844 1781 1985 1822 vegeta-

416 1836 514 1870 tione
539 1833 676 1884 duplici
703 1833 985 1883 heteromorpha
1005 1836 1161 1883 insignis,
1192 1847 1301 1883 quam
1320 1835 1563 1869 recentissima
1583 1842 1824 1870 scrutatorum
1843 1838 1984 1873 inventa

415 1900 543 1933 eximie
562 1905 851 1933 commentantur
867 1897 937 1945 (³).
967 1897 1110 1932 Etenim
1129 1899 1345 1947 vegetationi
1363 1899 1564 1947 primitivae
1583 1906 1619 1933 et
1637 1901 1872 1944 transitoriae,
1894 1913 1982 1950 pro-

475 2062 522 2100 (¹)
555 2061 702 2090 Saeculum
731 2059 940 2100 embryonalem
969 2059 1079 2099 plantae
1107 2060 1230 2089 oriturae
1252 2060 1363 2089 initium
1386 2072 1445 2090 esse
1467 2068 1580 2101 praeter
1601 2061 1758 2102 analogiam
1780 2062 1865 2102 ipsius
1888 2063 1983 2093 indole

415 2114 565 2154 probatur,
593 2112 696 2151 quippe
720 2111 782 2150 qui,
811 2121 825 2138 a
849 2116 983 2139 contextu
1007 2111 1101 2139 matris
1124 2111 1246 2147 solutus,
1274 2111 1391 2151 proprio
1415 2112 1593 2140 incremento
1617 2112 1776 2141 cellularum
1799 2113 1983 2143 ambientium

416 2174 583 2204 compagem
606 2162 762 2197 destruens,
785 2161 960 2200 parasiticam
984 2161 1060 2199 quasi
1084 2161 1111 2189 in
1134 2161 1227 2200 planta
1250 2168 1338 2190 matre
1360 2162 1445 2190 vitam
1468 2162 1554 2202 degit.

476 2222 522 2260 (²)
556 2221 767 2262 Hysterophyta
796 2220 998 2260 (Thallophyta
1028 2221 1234 2260 niycetoidea),
1269 2232 1338 2260 quae
1367 2228 1498 2261 postnata
1527 2222 1708 2262 vegetatione
1737 2222 1981 2263 Protophytorum

416 2280 499 2313 typos
521 2279 686 2312 sequuntur,
709 2271 847 2311 dignitate
870 2271 1046 2310 systematica
1070 2282 1083 2299 a
1106 2271 1290 2311 Protophytis
1313 2282 1371 2300 non
1394 2271 1538 2300 differunt.

475 2331 522 2370 (³)
555 2331 749 2361 conserantur
770 2330 982 2359 observationes
1005 2331 1121 2359 maxime
1144 2330 1353 2366 memorabiles,
1377 2331 1476 2370 quibus
1500 2330 1563 2360 inde
1585 2331 1619 2360 ab
1642 2342 1716 2360 anno
1741 2331 1819 2360 1844
1842 2333 1876 2362 cl.
1899 2340 1980 2362 auto-

415 2394 459 2411 res
480 2382 623 2421 Niigeli,
646 2381 846 2416 Suminski,
870 2380 1225 2421 Merklin,VVigand,
1248 2381 1419 2417 Schacht,
1442 2381 1563 2417 Milde,
1586 2381 1759 2422 Hensrey,
1783 2383 1980 2412 Mettenius

416 2440 444 2462 et
467 2432 688 2461 Hofmeister
710 2432 838 2467 Filicum,
866 2431 1003 2470 Equiseti‚
1033 2431 1226 2471 Selnginellae‚
1254 2432 1364 2467 boetis,
1393 2431 1628 2460 Marsiliacearum
1651 2438 1679 2460 et
1701 2432 1840 2462 Salviniae
1862 2443 1979 2473 genera-

414 2484 523 2512 tionem
553 2482 770 2511 illustraverunt.
815 2483 963 2513 Accedunt
991 2481 1199 2511 recentissimae
1230 2481 1354 2510 nondum
1384 2481 1474 2510 editae
1504 2483 1635 2511 Mettenii
1664 2483 1698 2512 de
1727 2483 1921 2523 Ophioglosso
1951 2490 1979 2512 et
