2225 3020
986 215 1031 251 15

525 323 559 361 ³¹²)
586 321 713 352 solitarie
735 328 811 351 nata:
839 322 1055 362 macrogonidia
1081 326 1267 356 Vauclzeriae,
1288 326 1456 359 Oedogom'i,
1471 326 1691 361 Bulbochaetes,
1715 327 1793 352 Cutt-

589 370 748 410 leriae(');
767 373 884 414 gonidia
902 376 1110 406 Colenchaetes,
1132 377 1349 410 chaetophorae
1367 380 1437 409 οἵας

511 424 565 461 **)
592 435 644 464 per
663 425 864 464 generationes
890 425 1067 453 transitorias
1089 425 1118 453 in
1139 425 1237 453 eadem
1258 425 1359 453 cellula
1381 425 1589 465 multiplicatim
1609 432 1672 455 orta
1698 425 1789 464 (telo-

591 475 752 516 gonidia):
789 479 976 508 Characium,
1016 479 1170 510 ΗΙοιΙινίις
1197 475 1414 515 maerogonidia
1441 482 1469 504 et
1500 477 1552 514 (ἲ)
1581 476 1791 517 microgonidia

595 521 754 563 Ulvae(²);

485 576 559 615 ***)
586 577 615 605 in
630 577 726 606 eadem
747 576 847 606 cellula
867 588 917 616 per
934 577 1103 606 divisionem
1118 576 1329 616 cytoplasmatis
1354 575 1549 606 simultaneam
1567 578 1698 618 gregarie
1713 583 1790 607 nata:

591 631 718 660 Codium,
736 631 892 664 Cmflolum,
906 630 1058 665 Bryopsn‘s,
1082 629 1301 664 Hydrocytium,
1330 630 1575 663 Chaetomorpha,
1601 632 1791 665 Cladophora,

588 681 780 713 Lama'nari03
808 678 1023 719 macrogonidia
1040 681 1252 715 Hydrodictyi;

389 730 436 782 β)
464 737 695 784 germinantia
725 735 890 785 quidem,
927 734 990 771 sed
1017 733 1201 770 individua
1225 733 1480 785 depauperata,
1504 746 1588 769 mox
1606 736 1790 771 interitura

464 798 735 849 (pauperculas)
756 798 994 849 producentia
1009 812 1016 832 :

590 866 801 907 microgonidia
817 868 982 901 Oedogom'i,
998 868 1221 900 Bulbnchaetffi

397 926 438 969 Ὑ)
463 922 607 967 sterilia,
635 935 755 972 neque
775 924 1020 972 germinantia,
1043 934 1164 971 neque
1184 920 1459 957 foecundantia:

589 989 800 1029 microgonidia
819 992 855 1017 H
846 994 1026 1027 ydrodictyi,
1049 992 1210 1022 Pedias-tri,
1232 992 1538 1026 Stephanosphacrae,
1560 991 1794 1020 chlamidococci,

590 1044 745 1069 Cuttleriae
752 1044 763 1077 (
771 1035 799 1078 ³)
809 1053 816 1075 ς

399 1095 431 1144 δ)
460 1097 716 1133 foecundantia
736 1102 767 1144 (s
781 1096 1284 1147 permatogonidia(²‘)):

515 1165 549 1201 ¹*¹)
577 1176 728 1194 numerosa
744 1165 774 1193 in
790 1165 887 1193 eadem
903 1164 1005 1193 cellula
1020 1164 1155 1193 formata:
1169 1166 1346 1198 Fumfflean

491 1216 547 1252 *ἢ
574 1216 685 1256 singula
701 1216 730 1244 in
744 1215 865 1256 singulis
882 1215 1006 1244 cellulis:
1021 1209 1249 1252 Florideae(⁵),

324 1274 359 1319 c)
394 1271 537 1322 gonidia
555 1272 644 1307 ciliis
663 1271 811 1307 mobilia
840 1285 859 1307 a
887 1271 1102 1307 cellularum
1128 1270 1252 1307 indole
1278 1273 1387 1321 magis
1411 1270 1640 1315 recedentia,
1662 1270 1791 1306 filifor-

392 1337 462 1370 mia
481 1338 570 1371 etin
589 1337 701 1385 spiras
720 1343 886 1370 contorta
906 1334 1336 1385 (spermatozoidia):

298 1488 348 1531 (¹)
375 1491 497 1528 Tliuret7
511 1491 588 1521 rech.
603 1503 651 1521 sur
665 1492 705 1521 les
720 1493 883 1531 Zoospores
898 1491 991 1529 (Ann.
1006 1491 1033 1520 d.
1051 1503 1091 1521 sc.
1107 1497 1164 1520 nat.
1179 1492 1234 1520 111.
1252 1492 1299 1529 14)
1310 1502 1337 1531 p.
1354 1497 1397 1520 32.
1410 1497 1431 1520 t.
1446 1497 1490 1521 31.

299 1550 348 1594 (²)
376 1555 519 1585 Tburetl.
535 1567 558 1585 c.
574 1567 601 1595 p.
619 1558 660 1585 16.
674 1561 694 1584 t.
712 1562 753 1584 20.
777 1555 822 1584 Cl.
850 1561 934 1584 autor
954 1554 1171 1595 macrogonidia
1189 1560 1218 1584 et
1240 1554 1451 1595 microgonidia
1471 1554 1609 1584 Ulvarum
1632 1555 1794 1596 germinare

223 1607 313 1643 vidit,
337 1606 386 1636 sed
405 1612 500 1635 utrum
515 1607 724 1647 microgonidia
739 1606 847 1645 plantas
862 1606 1004 1645 profectas
1019 1606 1191 1645 producant,
1205 1616 1240 1635 an
1255 1606 1440 1645 pauperculas
1455 1606 1485 1635 in
1511 1605 1599 1636 dubio
1614 1606 1793 1646 relinquitur.

299 1664 348 1708 (³)
376 1669 489 1699 Thuret
516 1670 607 1707 (rech.
636 1681 684 1698 sur
713 1669 751 1698 les
774 1669 947 1698 antheridies
978 1669 1026 1698 des
1052 1668 1153 1709 Crypt.
1183 1680 1211 1708 p.
1227 1672 1270 1698 60.
1292 1675 1312 1698 t.
1330 1672 1369 1707 1.)
1399 1669 1558 1699 Cuttleriae
1583 1669 1794 1710 microgonidia

227 1726 357 1762 spermat
369 1721 449 1749 ozois
475 1720 742 1758 (antherozoidiis)
768 1721 954 1756 adnumerat,
975 1731 1144 1759 quamquam
1163 1720 1380 1760 macrogonidia
1402 1731 1417 1749 a
1438 1720 1658 1761 microgonidiis
1682 1726 1791 1750 remota

224 1772 386 1814 germinare
401 1772 480 1800 vidit.

300 1829 349 1873 (⁴)
378 1834 625 1874 Spermatozoidia
640 1834 680 1863 sic
700 1833 774 1863 dicta
789 1837 1011 1869 Fucoidearum,
1026 1834 1153 1873 quamvis
1166 1834 1201 1863 de
1223 1833 1373 1863 functione
1393 1840 1458 1873 post
1474 1834 1607 1863 Thuretii
1632 1841 1661 1864 et
1676 1835 1795 1875 Prings-

225 1887 321 1917 heimii
335 1886 530 1925 experimenta
553 1886 626 1914 haud
647 1885 833 1914 dubitandum
855 1886 899 1922 sit,
919 1885 1012 1924 quoad
1033 1885 1153 1914 formam
1168 1895 1183 1913 a
1201 1885 1449 1924 spermatozoidiis
1469 1885 1730 1926 Cryptogamarum
1746 1897 1793 1915 su-

224 1938 370 1978 periorum
386 1937 500 1977 longius
514 1937 691 1973 recedentes,
707 1948 770 1965 cum
790 1936 916 1977 gonidiis
931 1936 1159 1977 germinantibus
1171 1939 1427 1973 Ectocarpearum‚
1447 1939 1719 1974 Myrionemearum,
1736 1940 1794 1965 La-

224 1992 432 2018 minariearum
451 1994 504 2018 etc.
518 1994 614 2017 exacte
630 1988 817 2023 conveniunt,
835 1988 912 2026 quod
924 1988 1041 2016 nomine
1056 1998 1170 2026 quoque
1185 1987 1311 2016 indicare
1325 1987 1412 2016 volui.
1426 1988 1499 2016 Jac.
1519 1987 1545 2016 Α
1555 1988 1667 2028 gardh
1682 1998 1793 2028 zoogo-

226 2040 302 2069 nidia
321 2040 351 2069 in
372 2049 479 2079 genere
500 2045 530 2068 et
551 2039 814 2079 spermatogonidia
828 2039 1035 2068 Fucoidearum
1056 2039 1084 2067 in
1099 2038 1194 2078 specie
1207 2039 1368 2079 „sporidia”
1382 2038 1495 2078 apellat,
1509 2039 1639 2078 sequenti
1658 2038 1745 2067 modo
1759 2038 1794 2068 de

225 2090 260 2120 iis
280 2090 424 2120 elocutus:
451 2090 595 2130 „sporidia
617 2090 824 2119 Fucoidearum
847 2101 877 2119 ex
894 2100 949 2118 una
964 2095 1044 2129 parte
1059 2101 1122 2118 cum
1139 2090 1273 2129 sporidiis
1289 2091 1557 2129 Zoospermearum,
1583 2100 1614 2118 ex
1629 2089 1716 2118 altera
1730 2100 1794 2118 cum

226 2141 431 2181 spermatozois
446 2142 622 2177 Muscorum,
639 2142 851 2181 Hepaticarum,
868 2140 1075 2170 Characearum
1092 2141 1154 2169 sine
1170 2141 1257 2169 dubio
1272 2141 1401 2181 analoga.
1431 2141 1535 2170 Parum
1554 2140 1658 2177 refert,
1678 2140 1735 2169 sint
1756 2151 1792 2170 ne

226 2192 388 2221 functiones
403 2192 517 2221 eaedem
539 2203 574 2221 an
593 2193 728 2221 diversae.
767 2192 893 2232 Organis
911 2191 1040 2232 analogis
1055 2191 1256 2220 diversissimas
1270 2192 1359 2221 tribui
1373 2202 1458 2231 posse
1472 2192 1644 2227 functiones,
1658 2202 1793 2221 numero-

228 2243 336 2272 sissima
355 2242 460 2272 docent
474 2243 610 2283 exempla.
625 2243 726 2273 Pollen
743 2249 772 2272 et
785 2254 869 2283 spora
883 2249 949 2272 sunt
963 2243 1060 2272 eadem
1076 2253 1193 2283 organa,
1207 2243 1255 2271 sed
1271 2242 1421 2272 functione
1436 2242 1571 2272 diversa’'.
1611 2241 1711 2282 (Spec.
1726 2253 1793 2283 gen.

228 2300 257 2323 et
270 2294 331 2323 ord.
347 2293 414 2333 Alg.
429 2294 450 2323 1.
465 2295 564 2333 p.Vl.)

305 2351 353 2395 (⁶)
381 2356 652 2398 Spematogonidia
672 2357 868 2387 Floridearum
883 2357 1011 2386 ciliarum
1028 2368 1084 2397 ope
1100 2356 1218 2386 mobilia
1234 2367 1295 2386 esse
1307 2357 1337 2386 in
1352 2357 1480 2397 pluribus
1494 2356 1649 2397 generibus
1660 2356 1793 2387 viderunt

228 2409 254 2438 D
264 2408 327 2438 erb
337 2408 372 2437 es
386 2413 416 2436 et
434 2407 497 2436 Sol
508 2408 563 2437 ier
577 2409 678 2447 (Mem.
694 2420 742 2438 sur
757 2409 782 2438 la
795 2409 982 2449 Physiologie
996 2409 1044 2438 des
1060 2408 1195 2449 Algues).
