2225 3020
984 204 1006 238 5

214 316 376 344 mentum
400 309 509 343 totius
534 305 719 341 doctrinae
737 313 877 341 vertere
897 304 1065 340 nonnulli
1082 305 1310 349 studuerunt,
1338 317 1454 354 usque
1479 316 1535 348 eo,
1564 311 1604 339 ut
1623 305 1773 339 existen-

213 374 298 407 tiam
323 371 497 420 Algarum
529 368 820 404 unicellularium
852 368 959 418 plane
990 377 1172 418 negarent,
1211 370 1283 403 imo
1318 381 1446 417 genera
1478 369 1665 417 proposita
1691 367 1774 416 plu-

214 437 302 470 rima
325 447 393 484 pro
416 433 677 483 perfectiorum
696 431 870 481 Algarum
890 431 1087 468 aliorumve
1106 431 1359 480 vegetabilium
1378 430 1584 480 primordiis
1602 438 1662 466 aut
1680 432 1778 479 quis-

213 498 332 548 quiliis
352 499 421 544 (¹),
454 495 631 531 nonnulla
657 495 815 544 denique
839 508 907 545 pro
932 494 1232 530 animalculorum
1257 495 1332 529 ovis
1358 493 1594 530 declararent.
1636 494 1779 529 Horum

214 560 362 610 quidem
392 561 594 609 opiniones,
631 559 718 594 dum
749 567 955 608 argumenta
984 571 1026 593 ex
1054 559 1315 593 accuratissima
1344 557 1593 593 observatione
1622 556 1777 592 deducta

211 624 339 667 desint,
368 623 525 659 refutare
545 625 605 660 vix
624 635 757 672 operae
776 624 934 672 pretium
953 629 1016 665 est,
1046 634 1160 670 quum
1182 620 1285 656 aliter
1310 633 1387 656 rem
1406 633 1442 655 se
1464 620 1596 656 habere
1616 623 1656 656 iis
1675 628 1775 656 certo

212 700 421 737 persuasum
448 689 526 730 erit,
560 688 621 736 qui
647 688 721 721 sine
745 685 967 735 praeiudicio
986 687 1023 719 in
1040 692 1179 720 vastum
1197 683 1371 733 Algarum
1389 682 1592 718 infimarum
1610 697 1776 734 campum

211 752 433 787 intraverint.
489 750 529 785 In
561 762 604 785 eo
630 757 769 784 tantum
797 751 959 798 quaestio
986 750 1140 783 strictius
1169 746 1411 797 persolvenda
1439 746 1525 781 mihi
1551 746 1705 791 videtur,
1736 756 1775 782 ut

212 822 314 850 caute
335 813 570 863 distinguatur
589 815 681 848 inter
695 813 803 862 Algas
822 812 957 847 laxiore
977 811 1137 861 quodam
1156 824 1263 846 sensu
1280 809 1535 846 unicellulares
1555 818 1589 845 et
1604 823 1672 854 eas,
1697 813 1774 859 qui-

210 879 279 913 bus
304 879 473 913 strictiori
497 890 603 913 sensu
622 889 757 912 nomen
775 875 1031 912 vindicandum
1051 883 1103 911 est
1121 875 1191 922 (2).
1232 874 1394 910 Plurima
1412 875 1507 909 enim
1524 873 1697 923 Algarum
1717 885 1773 921 ge-

210 954 296 977 nera
324 946 359 986 (e
378 941 727 980 Palmellacearum,
752 938 1108 978 Desmidtacearum,
1132 938 1461 973 Diatomacearum-
1488 940 1608 987 grege)
1636 935 1777 971 cellulis

212 1004 360 1054 quidem
384 1004 549 1039 solitariis
574 1012 634 1039 aut
657 1003 735 1039 laxe
759 1011 899 1038 tantum
919 1015 986 1052 per
1004 1002 1193 1052 gelatinam
1212 1003 1381 1037 connexis
1400 1003 1531 1050 vigent,
1562 999 1625 1036 sed
1644 999 1776 1034 nihilo-

211 1070 328 1103 minus
347 1067 561 1103 cellularum
581 1067 756 1103 divisione
776 1070 971 1115 vegetativa
991 1065 1158 1116 gaudent,
1183 1078 1253 1115 qua
1272 1078 1338 1115 per
1357 1066 1628 1114 generationum
1647 1065 1775 1099 seriem

211 1134 320 1167 mauis
338 1133 499 1167 minusve
519 1138 700 1166 extensam
720 1129 1017 1180 multiplicantur,
1047 1129 1163 1165 donec
1184 1129 1414 1179 gonidiorum
1433 1128 1492 1165 vel
1510 1140 1699 1177 sporarum
1719 1139 1776 1176 ge·

271 1160 291 1182 r>

211 1197 288 1231 nesi
306 1194 428 1245 cyclus
448 1197 664 1244 vegetativus
684 1196 907 1230 terminatur.
951 1193 1093 1228 Horum
1112 1195 1230 1243 igitur,
1256 1200 1299 1228 ut
1317 1194 1353 1227 in
1370 1191 1471 1241 Algis
1490 1189 1775 1226 multieellulari-

273 1359 319 1397 (¹)
352 1359 405 1387 Vix
428 1358 482 1386 ulla
504 1368 616 1398 genera,
640 1368 710 1396 quae
733 1358 760 1385 in
784 1357 894 1397 Niigelii
917 1368 1003 1396 opere
1025 1357 1135 1386 laudato
1157 1363 1323 1392 tractantur,
1351 1367 1409 1385 non
1432 1362 1584 1384 autonoma
1606 1365 1666 1383 esse
1688 1354 1778 1382 credi-

209 1411 306 1440 derim.
348 1414 568 1438 Pleurococcum
591 1414 736 1444 vulgarem
765 1411 902 1447 (Leprmn
924 1413 1041 1437 viridem
1064 1409 1164 1446 Auct.)
1191 1420 1206 1438 a
1234 1410 1390 1438 Lichenum
1417 1414 1446 1437 et
1472 1408 1597 1447 inprimis
1624 1406 1777 1435 Parmeliae

210 1463 364 1503 parietinae
391 1463 512 1503 gonidiis
540 1462 663 1491 liberatis
691 1462 831 1502 originem
858 1463 969 1491 trahere
991 1462 1180 1502 Lichenologi
1208 1462 1319 1501 quidem
1347 1471 1470 1490 summae
1497 1460 1654 1489 autoritatis
1672 1470 1777 1488 conve-

210 1516 301 1552 niunt,
324 1515 372 1544 sed
394 1515 527 1544 transitus
550 1515 672 1543 directus
695 1515 839 1554 hucusque
862 1525 1037 1554 nequaquam
1059 1515 1197 1554 probatur
1213 1521 1241 1543 et
1256 1514 1289 1543 cl.
1306 1513 1471 1543 Koerber
1485 1513 1574 1553 (Syst.
1590 1512 1670 1541 Lich.
1687 1524 1713 1551 p.
1724 1512 1776 1547 90)

209 1568 302 1598 denuo
325 1568 442 1596 dubitat.
474 1567 544 1596 Mihi
567 1567 679 1606 quidem
702 1567 862 1595 differentia
884 1568 949 1595 satis
972 1578 1073 1607 magna
1095 1568 1170 1596 inter
1186 1567 1409 1596 Pleurococcum
1433 1572 1462 1595 et
1483 1566 1640 1594 Lichenum
1662 1564 1775 1605 gonidia

211 1632 240 1650 se
262 1620 405 1660 praebuit:
436 1620 463 1647 in
487 1619 527 1647 his
550 1619 680 1647 nucleum
702 1619 747 1647 vel
769 1619 917 1659 granulum
940 1619 1064 1648 centrale
1086 1620 1156 1656 vidi,
1184 1619 1260 1659 quod
1283 1619 1310 1647 in
1333 1619 1380 1647 illo
1404 1618 1496 1652 deest;
1527 1618 1554 1646 in
1577 1618 1619 1646 his
1642 1616 1775 1656 multipli-

211 1673 352 1702 cationem
375 1682 426 1711 per
448 1672 586 1700 internam
610 1677 639 1700 et
661 1671 854 1700 simultaneam
877 1678 1028 1700 contentus
1051 1672 1218 1700 divisionem
1241 1672 1268 1699 in
1291 1677 1384 1710 partes
1408 1681 1526 1699 numero
1541 1670 1629 1699 varias
1646 1668 1776 1708 (4—8),

209 1725 320 1765 origine
342 1723 574 1762 hemisphaericas
598 1730 626 1752 et
648 1723 827 1752 membranae
850 1724 1041 1759 adhaerentes,
1064 1723 1184 1762 denique
1207 1723 1339 1763 globosas
1362 1729 1391 1751 et
1408 1723 1518 1761 (nescio
1536 1733 1569 1750 an
1586 1722 1775 1761 resorptione,

211 1789 246 1806 an
267 1783 382 1816 ruptura
406 1775 584 1804 membranae
607 1775 770 1813 matricalis)
793 1776 956 1805 secedentes
983 1775 1072 1813 (conf.
1096 1775 1406 1814 Speerschneider
1428 1775 1488 1804 bot.
1510 1775 1580 1803 Zeit.
1604 1773 1692 1803 1854.
1715 1781 1734 1802 t.
1750 1774 1775 1801 7.

211 1831 257 1870 fig.
274 1829 307 1858 C.
324 1829 375 1865 D),
406 1829 433 1856 in
457 1828 505 1857 illo
528 1828 792 1867 multiplicationem
814 1839 865 1867 per
887 1828 1053 1857 divisionem
1076 1827 1211 1856 binariam
1234 1829 1382 1867 repetitam
1412 1827 1501 1865 (conf.
1522 1828 1594 1867 Nzig.
1619 1827 1689 1855 einz.
1712 1826 1776 1866 Alg.

210 1889 231 1911 t.
245 1881 273 1910 4.
290 1882 323 1910 E.
336 1882 378 1917 2).
413 1881 546 1920 Analogo
569 1880 654 1909 modo
679 1883 871 1916 Gloevcopsae
895 1892 935 1920 sp.
960 1880 1111 1909 nonnullae
1134 1883 1316 1919 (sanguinea,
1338 1883 1638 1911 Schultleworthiana,
1661 1880 1741 1915 alra)
1764 1890 1777 1907 a

210 1935 368 1964 Lichenum
396 1933 579 1962 observatore
606 1933 776 1972 peritissimo
804 1933 843 1961 de
866 1933 1009 1962 Flotow
1031 1933 1105 1971 (bot.
1123 1934 1194 1962 Zeit.
1212 1933 1300 1961 1850.
1316 1944 1343 1972 p.
1354 1932 1407 1968 73)
1436 1932 1510 1961 inter
1531 1932 1634 1961 formas
1656 1932 1777 1971 gonimi-

210 1998 255 2016 cas
277 1990 404 2022 Ephebes
422 1990 604 2021 pubescentes
632 1991 841 2021 enumerantur,
870 1997 956 2024 quum
978 1986 1045 2014 aliae
1069 1986 1149 2014 huius
1171 1986 1282 2025 generis
1305 1985 1411 2024 species
1433 1985 1462 2013 in
1483 1987 1688 2021 Scytonemata
1715 1995 1775 2011 mu-

211 2039 264 2068 tari
286 2050 318 2067 ex
340 2039 509 2067 auctoritate
523 2037 711 2077 Kiitzingii
733 2037 862 2077 (Phyeol.
877 2048 965 2077 germ.
981 2050 1007 2077 p.
1018 2038 1091 2075 ¹151)
1114 2038 1251 2067 dicantur.
1284 2039 1442 2076 Utramque
1464 2037 1585 2076 denique
1607 2037 1776 2065 sententian·

212 2091 383 2130 amplectens
418 2090 606 2130 Itzigsohn
642 2100 739 2118 omnes
775 2089 970 2129 Gloeocapsae
1013 2092 1114 2129 (aeque
1147 2101 1178 2119 ac
1214 2090 1409 2126 Chroococci)
1448 2090 1554 2128 species
1590 2100 1605 2118 e
1639 2089 1776 2117 divisione

211 2143 391 2180 „tetradica”
415 2142 595 2183 gonidiorum
618 2141 752 2182 Algarum
782 2148 1058 2181 scytonemacearum
1087 2143 1324 2182 (Scytonematis,
1351 2142 1544 2181 Sirosiphonis
1572 2141 1641 2177 etc.)
1669 2141 1777 2170 derivat

212 2196 287 2234 (bot.
309 2195 380 2223 Zeit.
402 2194 491 2223 1854.
517 2206 544 2233 p.
558 2193 626 2223 641.
659 2194 714 2223 Die
739 2194 959 2233 Gloeocapsen-
982 2195 1038 2223 und
1061 2194 1525 2234 Chroococcus-Diamorpliose),
1553 2204 1620 2233 quas
1649 2194 1720 2233 ipsas
1748 2194 1775 2221 in

212 2247 349 2287 Epheben
373 2247 463 2276 evolvi
486 2257 569 2286 posse
592 2246 750 2275 contendit.
790 2247 985 2286 Gloeocapsae
1007 2247 1113 2285 species
1136 2247 1271 2286 plurimae
1294 2247 1469 2276 consortium
1491 2247 1775 2286 Scytonemacearum

212 2301 310 2339 utique
333 2305 434 2335 amant,
457 2299 505 2328 sed
527 2299 676 2327 transitum
699 2310 713 2327 e
731 2299 926 2338 Gloeocapsae
950 2299 1054 2328 cellulis
1077 2299 1105 2327 in
1127 2299 1360 2338 Scytoneinatum
1382 2299 1426 2327 fila
1441 2298 1535 2327 videre
1551 2309 1693 2337 nunquam
1708 2299 1776 2327 mihi

213 2351 344 2391 contigit.
387 2351 541 2390 Ignoscant
568 2352 655 2391 igitur
682 2352 734 2380 viri
762 2351 896 2391 praeclari
923 2351 1013 2380 dubiis
1036 2352 1118 2388 ineis,
1147 2351 1247 2391 quibus
1270 2351 1414 2380 inhaerere
1436 2361 1494 2380 non
1516 2350 1699 2387 inhibendae,
1729 2351 1776 2379 sed

213 2403 423 2445 promovendae
446 2403 579 2432 scientiae
600 2404 662 2432 usui
684 2414 743 2432 esse
766 2404 833 2432 mihi
854 2404 973 2432 videtur.

274 2466 321 2506 (²)
356 2465 528 2494 Conferatur
549 2466 577 2494 in
600 2466 695 2496 libello
717 2466 751 2495 de
773 2466 898 2495 anabiosi
920 2467 1025 2506 p.132.
