2225 3020
1173 200 1216 235 14

549 307 690 357 Sporae
711 312 747 339 et
766 302 909 353 gonidia
926 301 998 337 hoc
1017 301 1128 336 modo
1148 303 1417 351 circumscripta
1436 303 1472 336 in
1491 314 1534 337 eo
1554 302 1783 339 conveniunt,
1803 299 1903 349 quod
1918 313 1979 336 en-

409 372 549 421 dogena
563 378 597 405 et
615 369 727 403 libera
746 365 961 402 cellularum
975 365 1192 400 formatione
1204 366 1259 411 (¹)
1276 367 1454 400 oriuntur.
1479 365 1538 400 Ab
1553 367 1716 414 utrisque
1736 363 1912 399 diversam
1925 376 1981 399 se·

411 438 501 471 riem
520 431 674 468 cellulae
694 431 968 480 propagatoriae
991 440 1188 477 acrogenae
1219 431 1454 472 constituunt,
1491 441 1601 477 quae,
1634 430 1670 463 in
1694 429 1795 477 apice
1827 426 1983 462 cellulae

409 497 634 534 sustentantis
653 493 893 539 formatae(²)
915 500 951 529 et
975 491 1189 528 articulatim
1208 490 1367 540 denique
1384 491 1614 536 secedentes,
1646 493 1682 526 in
1701 503 1832 541 genere
1858 492 1982 526 coni-

411 561 477 595 dia
493 558 642 609 apellari
660 560 810 608 possint.
848 557 891 592 In
910 556 1084 606 Algarum
1103 554 1214 590 classe
1233 554 1508 601 rarissimae(³)‚
1532 567 1598 604 per
1612 554 1815 589 Lichenum
1834 562 1869 590 et
1883 553 1981 589 Fun-

411 636 539 673 gorum
557 622 671 657 tribus
689 621 952 671 vulgatissimae
972 627 1007 655 et
1025 621 1124 655 vario
1144 618 1256 654 modo
1276 626 1504 668 comparatae
1524 625 1737 662 occurrunt,
1760 617 1849 653 aliae
1868 616 1982 653 cellu-

410 687 455 723 lis
474 688 678 736 vegetativis
696 687 860 735 proxime
879 691 1050 733 cognatae
1071 681 1267 730 (conidia
1287 694 1306 717 e
1325 681 1481 732 mycelio
1506 681 1734 730 Fungorum)
1746 708 1755 725 ,
1785 680 1873 716 aliae
1894 693 1978 730 spo-

412 764 532 786 rarum
550 757 713 786 naturam
732 747 940 790 induentes,
971 746 1059 782 aliae
1079 746 1237 795 denique
1264 744 1574 795 spermatozoidiis
1601 743 1875 794 quodammodo
1901 757 1982 779 ana-

412 814 527 864 logae,
551 813 816 863 germinationis
835 810 972 846 scilicet
997 817 1162 859 expertes
1181 817 1217 845 et
1234 811 1357 845 nescio
1384 822 1427 844 an
1449 807 1722 844 foecundationi
1750 810 1984 843 inservientes

412 881 625 925 (sper-mutia
643 875 846 911 Lichenum
874 882 910 909 et
927 873 1170 923 Fungorum).

552 940 616 976 His
636 940 840 989 praemissis
858 944 1094 987 conspectum
1113 938 1279 986 sequenti
1298 935 1410 971 modo
1431 935 1607 985 digestum
1626 934 1831 986 periclitor:

415 1012 465 1046 A.
489 1008 790 1045 Gonidiorum
809 1009 948 1042 series
977 1005 1261 1055 (macrogonidia
1287 1013 1323 1041 et
1355 1003 1616 1054 microgonidia
1648 1003 1770 1054 quoad
1799 1003 1984 1039 relativam

487 1076 523 1109 in
544 1072 669 1109 eadem
688 1072 807 1120 specie
827 1069 1132 1119 magnitudinem3
1167 1068 1433 1118 protogonidia,
1468 1067 1767 1118 deuterogonidia
1787 1089 1825 1094 -
1844 1066 1983 1116 telogo-

488 1136 596 1180 nidia,
619 1137 647 1170 si
666 1133 895 1184 gonidiorum
914 1135 1161 1182 generationes
1180 1134 1404 1167 transitoriae
1423 1130 1590 1176 adsunt):

515 1206 554 1244 a)
582 1197 725 1248 gonidia
739 1197 947 1237 immobilia,
963 1195 1104 1232 cellulis
1119 1197 1325 1245 vegetativis
1344 1194 1468 1230 indole
1484 1196 1647 1244 proxima
1666 1195 1804 1241 (omnia
1818 1195 1893 1228 sine
1907 1193 1984 1229 foe-

582 1261 799 1298 cundatione
816 1262 1063 1310 germinantia)
1080 1273 1088 1294 z
1109 1258 1138 1294 P
1147 1258 1201 1309 hy
1210 1266 1223 1294 t
1233 1271 1254 1293 o
1263 1272 1283 1308 g
1293 1271 1314 1293 o
1324 1272 1346 1293 n
1356 1260 1366 1293 i
1376 1258 1398 1293 d
1408 1260 1445 1293 ia
1458 1272 1466 1292 ε

697 1329 731 1366 ²¹²)
759 1339 792 1357 ex
807 1328 904 1357 ultima
920 1327 1084 1356 cellularum
1101 1326 1288 1366 generatione
1304 1325 1426 1354 induviis
1448 1324 1582 1354 liberata:
1606 1327 1794 1360 Gloeocapsa,
1822 1326 1985 1356 Oscillaria,

760 1382 942 1416 Scylonema,
963 1381 1202 1409 Masta-hancwin,
1218 1371 1440 1413 Zongloea(⁴);

679 1431 733 1467 **)
761 1441 775 1459 e
791 1430 933 1459 contentis
949 1430 1031 1458 unius
1047 1428 1165 1457 cellulae
1181 1428 1276 1456 divisis
1290 1440 1295 1456 :
1312 1431 1527 1458 Scmedesmus,
1546 1430 1725 1454 Coelastrum
1739 1439 1746 1460 ;

658 1482 730 1519 ¹¹¹³¹¹¹'¹‘)
759 1492 774 1510 e
789 1481 932 1510 contentis
947 1480 1077 1509 binarum
1093 1479 1257 1508 cellularum
1273 1479 1491 1519 conjugatarum
1512 1477 1597 1506 unitis
1610 1489 1616 1506 z
1631 1480 1853 1510 Diatomaceae3

635 1533 728 1570 ****)
756 1532 830 1561 intra
850 1542 957 1571 organa
972 1530 1089 1571 propria
1114 1535 1296 1569 procreatae:
1325 1529 1515 1570 „gemmidia”
1540 1528 1569 1557 in
1583 1527 1806 1568 „cystocarpiis”
1834 1530 1987 1555 Flet-idea-

755 1595 819 1611 rum
833 1584 889 1620 (ΡΜ

516 1642 552 1688 b)
582 1639 725 1690 gonidia
743 1653 810 1690 per
827 1639 925 1674 eilias
943 1639 1154 1675 vibratorias
1172 1637 1341 1681 mobilia,
1372 1643 1556 1672 caeterum
1575 1648 1593 1670 a
1612 1634 1728 1670 forma
1746 1634 1884 1684 vulgari
1904 1635 1985 1681 (ob-

583 1705 690 1754 longa
721 1711 757 1739 et
788 1702 996 1746 rotundata)
1037 1700 1253 1737 cellularum
1285 1713 1413 1749 parum
1445 1698 1668 1743 recedentia,
1705 1699 1733 1734 Z
1748 1697 1985 1748 oogonidia

585 1767 709 1817 (vulgo
735 1767 1013 1816 „zoosporae'⁷):

599 1836 636 1876 α)
655 1832 887 1881 germinantia
904 1831 994 1875 (sine
1010 1825 1318 1872 foecundatioue)‚
1332 1825 1520 1861 individua
1535 1825 1709 1860 normalia
1724 1824 1962 1874 producentia
1976 1839 1983 1859 :

493 1969 541 2010 (¹)
571 1970 748 2011 Cytogenesi
763 1970 851 1999 libera
866 1969 1002 1998 latissimo
1014 1968 1127 2006 quidem
1141 1967 1221 1996 verbi
1236 1978 1329 2002 sensu,
1345 1977 1401 2005 quo
1416 1977 1501 1995 sensu
1515 1965 1710 1995 recentissime
1725 1965 1753 1993 in
1768 1964 1790 1992 P
1801 1963 1901 2004 rings
1912 1963 1986 1993 hei-

417 2025 477 2054 mii
493 2023 735 2053 commentatione
750 2021 784 2050 de
803 2026 944 2050 structura
964 2025 992 2048 et
1007 2019 1119 2059 origine
1135 2018 1252 2047 cellulae
1267 2017 1434 2057 vegetabilis
1455 2017 1599 2052 definitur,
1621 2016 1668 2055 qui
1687 2021 1896 2055 cytogeneseos
1916 2014 1986 2044 libe-

416 2086 463 2105 rae
483 2075 598 2104 nomine
619 2084 733 2102 omnem
749 2072 912 2101 cellularum
935 2070 1137 2099 formationem
1152 2069 1214 2098 sine
1236 2068 1439 2108 cytoclermatis
1460 2068 1614 2096 inflexione
1635 2078 1649 2096 a
1671 2067 1738 2095 solis
1754 2066 1897 2095 contentis
1916 2076 1986 2105 pro-

417 2127 564 2156 cedentem
584 2123 811 2164 comprehendit.
845 2121 991 2162 (Pringsh.
1007 2121 1123 2150 Unters.
1138 2120 1208 2149 iiber
1228 2120 1282 2148 den
1299 2120 1359 2148 Bau
1374 2131 1400 2148 u.
1415 2119 1460 2148 die
1475 2118 1602 2159 Bildung
1615 2118 1666 2147 der
1680 2117 1891 2146 Pssanzenzelle
1910 2117 1986 2146 18:34.

419 2190 445 2217 p.
461 2180 518 2215 62).

494 2235 541 2278 (²)
569 2239 651 2276 Quae
666 2237 811 2277 quomodo
832 2237 1002 2272 formentur,
1023 2241 1117 2264 utrum
1133 2245 1184 2274 per
1204 2245 1369 2274 processum
1388 2233 1564 2270 divisoriam,
1585 2243 1619 2261 an
1645 2242 1696 2271 per
1718 2231 1847 2261 cellulam
1868 2231 1985 2260 liberam

420 2303 482 2321 cum
498 2290 621 2320 utriculo
638 2288 773 2318 matricali
789 2287 1007 2322 coalescentem,
1022 2286 1140 2315 ulterius
1156 2285 1358 2324 inquirendum
1374 2290 1423 2313 est.

495 2348 544 2395 (³)
574 2354 740 2383 Occurrunt
753 2352 783 2381 in
798 2353 1061 2386 Butram-hospermo
1077 2355 1105 2378 et
1120 2352 1274 2376 Lemanea.

495 2412 542 2454 (⁴)
570 2417 665 2452 Cobn,
680 2417 744 2445 Act.
759 2421 816 2444 nat.
831 2426 889 2444 cur.
907 2416 949 2444 24.
967 2420 990 2443 1.
1011 2424 1037 2453 p.
1055 2419 1115 2443 123.
1136 2418 1156 2441 t.
1174 2418 1215 2442 15.
1237 2411 1370 2452 (gonidia
1387 2413 1549 2445 Zoogloeae
1564 2409 1723 2440 vacillantia
1738 2409 1861 2449 quidem,
1881 2408 1930 2438 sed
1945 2408 1984 2437 ci-

421 2469 463 2498 liis
482 2467 643 2497 vibratoriis
662 2467 819 2503 destituta.)
