2225 3020
969 223 1016 259 55

207 328 320 362 rentia
345 326 548 369 observavi,
590 324 815 374 longitudine
846 337 920 360 non
952 327 1088 369 minus,
1127 338 1235 374 quam
1263 327 1438 369 crassitie,
1467 326 1579 369 varia,
1616 324 1777 374 perfecta

211 390 245 440 ᾗ
258 412 293 417 —-
310 390 335 439 ξ
352 396 397 407 ““““·
418 389 536 438 longa,
562 388 665 438 535-
683 389 778 438 &om
801 402 927 423 crassa.
968 388 1087 438 Stipes
1104 392 1139 423 in
1158 388 1327 438 perfectis
1346 389 1445 437 Tiff'*
1464 390 1543 438 δὲοωω·
1560 389 1700 438 longuS,
1722 396 1775 423 te-

206 455 406 494 nuissimus⁷
425 453 499 486 basi
514 459 649 491 acutus,
668 459 863 491 truncatus,
882 452 939 487 vel
957 451 1097 487 nodulo
1112 454 1169 487 vix
1184 453 1382 500 conspicuo
1395 452 1541 501 hyalino
1558 454 1776 488 terminatus.

207 515 400 557 Globulos,
416 517 477 564 qui
494 515 563 550 illis
581 515 624 550 O.
642 521 787 550 maioris
802 518 1002 565 comparari
1015 518 1163 565 possint,
1175 517 1211 548 in
1225 514 1291 548 hac
1306 516 1426 563 specie
1442 528 1515 549 non
1530 515 1611 551 vidi.
1633 514 1777 551 Cellula

207 587 351 619 matura,
371 580 437 614 sub
454 581 555 628 apice
574 581 826 619 circumscissa,
850 578 1065 629 operculum
1082 577 1336 626 digitaliforme
1355 577 1438 627 plus
1454 580 1615 614 minusve
1631 578 1775 627 elonga-

205 651 280 678 tum
297 643 429 678 abiicit.
453 641 610 678 Gonidia
624 641 786 677 nondum
804 643 1004 685 observata,
1022 641 1084 676 sed
1105 643 1300 691 specimina
1321 648 1443 690 aperta
1463 649 1497 676 et
1517 649 1683 677 evacuata
1704 641 1774 676 fre-

205 708 436 755 quentissime
455 707 699 755 reperiuntur,
724 708 848 750 rarius,
872 714 912 740 ut
931 718 1039 755 supra
1058 704 1224 748 indicavi,
1247 706 1443 754 specimina
1464 713 1632 740 evacuata
1652 704 1770 755 prole,

203 777 244 805 ut
257 772 294 804 in
308 769 461 811 Sciatho,
478 769 522 804 ad
539 781 578 803 os
599 768 754 804 cellulae
776 772 896 804 matris
910 768 1136 804 umbellatim
1153 776 1320 818 congesta
1336 769 1460 817 ibique
1476 767 1519 802 ad
1536 771 1775 803 maturitatem

203 846 321 883 usque
340 835 565 883 persistente.
605 832 737 867 Forma
756 834 822 868 sub
841 828 883 870 Β.
907 832 1072 875 indicata,
1097 846 1114 867 a
1133 831 1285 881 Nagelio
1306 844 1456 881 quoque
1482 832 1688 875 observata,
1720 844 1773 866 ra-

204 899 340 932 rissime
360 898 533 940 occurrit,
566 909 659 945 quae
686 904 805 931 utrum
830 896 951 940 lusus,
982 897 1151 939 varietas,
1185 908 1229 930 an
1248 895 1370 930 forsan
1390 897 1526 945 species
1546 896 1695 945 propria
1715 896 1772 937 sit,

203 962 338 996 nescio.

340 1081 375 1114 3.
409 1079 452 1115 O.
473 1080 666 1128 por-mlum
687 1078 805 1123 (Pert
812 1083 866 1129 y).
903 1079 1048 1115 Cellula
1067 1078 1171 1114 valde
1191 1086 1355 1123 curvata,
1387 1080 1554 1113 circinata
1572 1077 1631 1114 vel
1648 1079 1684 1112 in
1704 1077 1774 1126 spi-

203 1157 278 1179 ram
296 1150 474 1186 contorta,
497 1143 606 1192 ῇξο-Μ·
628 1145 769 1178 circiter
784 1156 910 1186 crassa,
935 1142 1092 1192 globulis
1112 1142 1240 1186 nullis;
1263 1145 1372 1192 stipes
1392 1141 1527 1177 nullus.

375 1202 562 1228 Brocln'dium
575 1204 727 1235 parvulum
742 1200 838 1239 Perty,
854 1211 905 1227 zur
923 1199 1076 1227 Kenntniss
1097 1199 1123 1227 d.
1138 1199 1251 1227 kleinst.
1267 1199 1496 1227 Lebenssormen
1512 1209 1539 1237 p.
1557 1204 1617 1227 215.
1633 1202 1653 1225 t.
1669 1198 1707 1225 16.
1722 1195 1775 1224 f.6.

341 1269 487 1305 Habitat
505 1272 541 1304 in
561 1272 661 1319 aquis
681 1269 816 1319 frigidis
836 1270 982 1305 turfosis
998 1269 1185 1305 Helvetiae
1202 1269 1328 1316 (Ber-n,
1347 1268 1555 1308 Todtensee,
1573 1268 1776 1315 Βᾶίίεηαῖρ,

202 1334 254 1369 St.
276 1333 484 1368 Gottlzard:
506 1332 670 1383 Perty).
711 1333 934 1383 Specimina,
966 1346 1059 1382 quae
1078 1332 1122 1367 ad
1142 1332 1234 1367 hanc
1261 1334 1418 1382 speciem
1444 1334 1626 1382 pertinere
1649 1330 1774 1367 viden-

200 1405 277 1441 tur,
310 1399 386 1446 ipse
412 1395 485 1431 vidi
505 1409 524 1431 e
550 1396 697 1431 turfosis
723 1409 841 1446 prope
861 1395 1217 1445 Douuuesclstngen,
1248 1408 1366 1445 prope
1392 1395 1576 1430 Neuseodt
1600 1397 1638 1430 in
1666 1394 1775 1443 Sylva

200 1463 297 1510 nigra
312 1459 480 1502 Badensi,
503 1472 570 1494 nec
586 1472 660 1494 non
676 1459 837 1495 Berolini
855 1459 899 1495 ad
916 1460 1059 1495 Moabit
1074 1459 1178 1504 lecta,
1202 1472 1346 1509 semper
1362 1459 1578 1508 Ophiocytio
1594 1458 1777 1494 cochleari

200 1526 417 1560 consociata.

338 1593 381 1628 In
405 1592 497 1626 hanc
521 1593 695 1640 speciem,
726 1604 818 1641 quae
844 1592 966 1626 forsan
986 1592 1196 1627 varietatem
1222 1599 1360 1627 tantum
1383 1592 1426 1627 O.
1448 1590 1648 1627 cochlearis
1667 1592 1768 1634 sistit,

200 1656 351 1691 ulterius
370 1653 629 1704 inquirendum
648 1662 712 1690 est.
753 1654 962 1704 Longitudo
992 1654 1146 1689 cellulae
1173 1668 1246 1691 sec.
1285 1654 1399 1705 Perty
1426 1655 1464 1704 ᾗ
1480 1677 1516 1682 -
1535 1655 1636 1704 ξω,
1677 1667 1770 1689 cras-

201 1719 320 1755 situdo
342 1719 388 1769 Τις-0
410 1741 448 1745 -
465 1719 601 1769 &WB
638 1720 833 1768 specimina
864 1718 1027 1754 Berolini
1059 1719 1246 1755 observata
1280 1718 1326 1754 O.
1361 1718 1545 1753 cochleari
1564 1718 1694 1768 paullo
1714 1725 1765 1752 te-

200 1785 339 1826 nuiora,
364 1782 416 1833 3111‘0‘
429 1782 582 1832 ——sgffmm
603 1795 732 1817 crassa.

952 1993 1015 2029 VI.

730 2069 1089 2106 HYDRODICT
1105 2069 1234 2106 YON.

339 2165 431 2215 Alga
461 2166 708 2202 unicellularis
741 2166 1008 2201 coenobiotica.
1066 2165 1299 2202 Coenobium
1327 2165 1441 2202 libere
1468 2173 1612 2210 natans,
1644 2167 1768 2201 sistens

201 2238 256 2266 ret
274 2238 464 2274 saccatum,
488 2230 701 2279 oblongum,
724 2229 887 2279 undique
907 2229 1081 2273 clausum,
1112 2241 1130 2264 e
1150 2228 1291 2264 cellulis
1309 2243 1377 2279 per
1395 2231 1634 2265 extremitates
1654 2237 1771 2265 terna-

200 2296 263 2329 tim
289 2295 416 2338 (rarius
444 2295 702 2343 quaternatim,
730 2295 898 2328 rarissimi
916 2293 1080 2337 binatim)
1111 2294 1312 2327 coniunctis
1338 2295 1593 2343 compositum,
1622 2293 1771 2328 maculis

201 2357 354 2405 (lacunis
380 2370 407 2391 s.
434 2358 651 2404 interstitiis)
684 2359 745 2392 tri·
767 2357 811 2392 ad
827 2356 1020 2407 polygonis
1049 2355 1284 2406 (plerumque
1309 2357 1331 2390 4
1348 2379 1387 2384 —
1405 2357 1578 2405 fi-gonis).
1627 2356 1771 2392 Cellula

200 2420 337 2470 singula
364 2419 631 2468 (individuum)
661 2422 781 2456 iunior
811 2420 993 2470 oblonga,
1029 2419 1151 2455 adulta
1182 2419 1350 2469 elongato
1367 2442 1379 2447 -
1396 2418 1616 2469 cylffldrica,
1647 2422 1771 2470 aequi-

200 2484 354 2535 polaris‚
387 2482 720 2533 coeloplasmati033
751 2483 987 2535 cytioplasma
1018 2483 1157 2527 viride,
1194 2482 1444 2532 granulosum,
1484 2482 1640 2533 globulis
1672 2498 1769 2534 amy-
