2225 3020
1182 223 1228 257 52

568 339 589 359 1.
617 329 780 369 Specimina
800 334 867 357 natu
887 329 1011 364 minima,
1031 328 1230 368 germinantia,
1249 329 1368 368 globulo
1388 329 1507 358 centrali
1523 329 1710 369 (cytioblasto
1719 329 1746 365 ?)
1766 329 1934 367 conspicuo.

565 386 589 409 2.
609 387 633 409 .3.
663 380 824 419 Specimina
844 385 934 408 aetate
953 380 1150 418 provectiora,
1175 379 1294 419 globulo
1321 381 1458 416 evanido,
1482 381 1560 409 disco
1588 381 1680 420 pedali
1695 380 1871 418 conspicuo,
1893 379 1921 407 in
1940 379 1959 407 f.
1976 383 1990 406 2

429 436 514 469 luteo,
533 432 561 460 in
582 431 599 459 s.
622 438 639 459 3.
661 431 913 469 fusco-purpureo.

565 484 589 511 li.
619 482 771 520 Specimen
793 482 970 510 incremento
990 480 1191 521 longitudinali
1211 482 1418 520 propemodum
1438 481 1579 518 absoluto,
1599 481 1815 521 cytioplasmate
1834 480 1993 509 maculatim

428 536 601 572 interrupto,
617 534 694 561 disco
712 533 800 572 pedali
818 533 1069 572 fusco-purpureo.

567 591 592 613 5.
621 584 670 623 Sp.
691 590 863 619 evacuatum,
883 584 1007 624 goniuliis
1027 594 1041 611 e
1068 582 1138 611 tubo
1164 583 1303 621 promotis
1323 589 1352 611 et
1370 583 1397 611 in
1418 594 1468 612 ore
1488 583 1605 612 cellulae
1621 583 1856 623 germinantibus.
1878 582 1996 621 Stipites

428 636 591 665 cellularum
611 636 832 675 germinantium
854 635 927 663 inu-a
948 635 1051 663 collum
1071 634 1189 662 cellulae
1210 634 1306 662 matris
1326 635 1552 672 conspiciuntur.

568 694 592 715 t).
621 686 746 721 Familia,
761 686 912 714 individuis
926 685 1120 725 generationis
1136 685 1275 713 secundae
1291 685 1421 720 evolutis,
1439 685 1588 714 umbellam
1603 684 1760 723 simplicem
1773 685 1882 713 sistens.
1904 684 1995 722 Stipi-

429 745 469 767 tes
488 737 651 766 cellularum
673 737 822 765 umbellam
843 736 1078 765 constituentium
1099 747 1215 764 massam
1236 736 1390 764 coloratam
1411 743 1574 773 secernunt,
1593 736 1621 764 in
1642 735 1741 764 tubum
1762 735 1879 764 cellulae
1899 734 1995 763 matris

429 789 659 824 descendentem,
678 799 800 827 superne
820 787 1098 826 fusco-purpuream,
1119 787 1230 815 inferne
1250 786 1459 815 fusco-luteam.

569 846 592 871 7.
612 847 634 869 8.
663 840 795 867 Familiae
814 838 933 878 amplius
953 838 1094 874 evolutae,
1114 837 1131 867 s.
1149 844 1161 868 7
1183 838 1334 866 umbellam
1355 848 1386 866 ex
1406 843 1484 877 parte
1503 837 1708 877 compositam,
1742 837 1760 865 f.
1780 843 1793 866 8
1815 836 1997 874 decomposi-

431 898 486 920 tam
505 893 646 920 sistentes.

568 949 593 974 9.
617 948 656 970 10.
685 940 834 969 Umbellae
854 940 1007 975 tertiariae,
1027 939 1134 968 cellulis
1155 940 1365 980 (generationis
1384 939 1513 975 ultimae)
1533 950 1564 968 ex
1585 945 1664 978 parte
1683 939 1786 977 apertis
1805 944 1833 967 et
1848 937 2000 974 evacuatis,

431 993 569 1032 operculo
589 992 699 1020 deiecto
719 997 747 1019 et
766 991 890 1031 gonidiis
910 991 1017 1019 emissis
1037 991 1204 1028 (hebetatis)
1225 1002 1316 1030 prope
1335 991 1369 1019 ab
1389 1002 1439 1019 ore
1459 990 1577 1019 cellulae
1596 990 1750 1018 collocatis.
1783 990 1814 1017 F.
1832 995 1849 1020 9
1870 988 1998 1017 cellulam

431 1049 571 1073 monstrat
589 1043 640 1071 sub
660 1042 739 1080 apice
759 1042 986 1070 transversaliter
1014 1048 1125 1081 ruptam
1152 1049 1180 1071 et
1204 1043 1329 1083 gonidiis
1351 1042 1464 1070 foetam.
1504 1041 1629 1070 Gonidia
1656 1040 1764 1069 inclusa
1790 1041 1913 1069 tinctura
1941 1039 1998 1068 iodi

433 1101 549 1124 tractata
568 1100 641 1129 sunt,
663 1099 691 1121 ut
711 1093 881 1121 luculentius
900 1099 1062 1132 appareant.

577 1154 615 1174 11.
645 1145 859 1184 Zoogonidium
879 1155 993 1183 vagans,
1014 1145 1137 1172 tinctura
1157 1143 1214 1172 iodi
1235 1149 1376 1177 necatum,
1395 1143 1467 1171 ciliis
1488 1142 1649 1171 vibratoriis
1669 1142 1752 1170 binis.

1081 1189 1128 1209 600
1363 1188 1420 1213 302

636 1196 759 1235 Figurae
783 1202 851 1225 1—S
871 1195 1062 1235 proportione
1085 1214 1109 1240 >¹
1150 1217 1158 1231 ,
1176 1200 1275 1226 9—1t
1300 1205 1342 1233 pr.
1382 1219 1390 1238 ¹
1446 1199 1552 1222 auctae.

1184 1458 1229 1495 V.

985 1530 1420 1568 OPHIOCYTIUM.

574 1625 740 1662 Plantula
765 1624 1011 1660 unicellularis
1039 1624 1222 1659 eremobia
1241 1623 1299 1659 vel
1323 1625 1436 1658 rarius
1455 1622 1499 1657 ad
1526 1622 1697 1657 familiam
1717 1622 2004 1657 coenobioticam

436 1690 638 1741 simplicem
659 1689 817 1725 evoluta.
841 1688 993 1723 Thallus
1013 1687 1141 1723 leviter
1161 1687 1356 1722 adhaerens
1376 1685 1434 1722 vel
1455 1686 1568 1721 libere
1588 1699 1747 1729 nascens,
1772 1685 1941 1721 cellulam
1959 1687 2003 1719 si-

436 1763 532 1790 stens
546 1754 757 1802 elongatam,
773 1751 1018 1802 cylindrimm,
1031 1753 1126 1787 varie
1142 1758 1333 1791 curvatam,
1343 1752 1549 1785 circinatam
1563 1749 1620 1785 vel
1637 1749 1850 1785 cochleatim
1861 1756 2004 1784 contor-

435 1827 519 1862 tam,
543 1820 660 1866 stipite
676 1818 774 1851 tenui
792 1815 1008 1865 plerumque
1024 1817 1245 1857 instructam,
1264 1813 1629 1863 coeloplasmaticam,
1648 1826 1909 1862 nonnunquam
1927 1811 2003 1862 glo—

436 1881 530 1916 bulis
549 1880 715 1930 pluribus
735 1879 904 1914 coloratis
923 1881 1145 1914 instructam.
1186 1877 1343 1913 Gonidia
1363 1879 1504 1912 circiter
1524 1878 1545 1911 S
1573 1876 1869 1927 (cytioplasmatis
1890 1877 2003 1924 parie-

437 1945 514 1980 talis
532 1946 756 1994 separatione
776 1942 985 1977 simultanea
1004 1941 1204 1977 alternatim
1225 1943 1355 1986 orta'2')‚
1378 1942 1468 1975 serie
1483 1939 1637 1989 simplici
1652 1939 1834 1989 disposita,
1859 1938 2005 1974 demum

438 2022 456 2044 e
472 2007 603 2043 cellula
621 2008 687 2042 sub
704 2008 804 2056 apice
820 2008 1065 2040 circuinscisse
1081 2013 1202 2054 aperta
1217 2007 1342 2039 emissa
1359 2003 1573 2049 (mobilia's'),
1594 2003 1752 2053 dispersa
1766 2010 1801 2038 et
1815 2005 2005 2052 separatim

438 2073 678 2122 germinantia,
695 2072 807 2105 rarius
823 2072 858 2104 in
874 2082 937 2104 ore
950 2068 1103 2104 cellulae
1118 2068 1308 2103 matricalis
1323 2075 1461 2103 retenta
1476 2068 1599 2116 ibique
1616 2068 1835 2101 coniunctim
1852 2066 2005 2102 evoluta.

987 2176 1154 2204 Historia
1176 2181 1209 2204 et
1233 2175 1454 2204 affinitates.

580 2241 623 2271 Cl.
643 2240 831 2270 Eichwald
853 2240 1074 2279 vulgatissimam
1090 2239 1170 2267 huius
1190 2238 1304 2279 generis
1323 2238 1458 2276 speciem,
1484 2237 1519 2266 Ο.
1539 2241 1685 2265 cochleare
1710 2248 1730 2265 s.
1751 2241 1927 2272 apic-alatum
1946 2237 2004 2265 Na-

441 2294 524 2333 gelii,
545 2293 651 2332 primus
672 2292 767 2327 novit,
788 2303 887 2329 quam,
907 2291 941 2319 de
962 2296 1061 2319 natura
1082 2290 1235 2330 vegetabili
1255 2291 1314 2318 eius
1334 2289 1479 2327 deceptus,
1505 2288 1580 2316 inter
1597 2287 1765 2316 animalcula
1789 2287 1926 2315 infusoria
1946 2287 2004 2315 Ru-

442 2345 552 2372 theniae
571 2346 896 2379 Ssn'radiscicochlearis
917 2342 1034 2370 nomine
1053 2341 1195 2370 recensuIt
1214 2351 1236 2369 a*
1260 2343 1343 2374 issu-3
1364 2340 1463 2368 eodem
1484 2350 1559 2367 anno
1580 2339 1700 2377 primum
1722 2341 1891 2375 Ophiocytii,
1913 2338 2002 2378 Alga-

443 2407 502 2423 rum
523 2397 636 2435 generis
657 2395 733 2427 novi,
755 2394 889 2422 indicium
906 2404 956 2431 per
975 2392 1081 2420 litteras
1101 2392 1169 2420 mihi
1188 2392 1265 2420 dedit
1292 2391 1325 2420 cl.
1346 2390 1483 2430 N'ageli.
1521 2390 1554 2417 In
1581 2400 1668 2427 opere
1688 2389 1722 2418 de
1744 2389 1822 2429 Algis
1843 2388 2004 2417 unicellari-

443 2446 493 2474 bus
518 2457 541 2474 a.
566 2446 630 2477 1⁵49
653 2446 730 2474 edito
751 2445 784 2473 cl.
809 2450 891 2472 autor
910 2443 1116 2482 Ophiocytium
1138 2442 1301 2470 dubitanter
1320 2445 1518 2469 palmeum-ets
1541 2444 1704 2468 citarat-icis
1724 2440 1873 2478 adscripsit
1891 2446 1919 2468 et
1937 2439 2003 2468 dua-

443 2508 503 2525 rum
529 2497 686 2534 specierum
712 2496 905 2535 descripti0ne
929 2494 1088 2524 illustravit.
1140 2493 1183 2522 Cl.
1209 2493 1371 2533 Kiitzing
1396 2493 1425 2521 in
1450 2502 1537 2531 opere
1561 2492 1670 2531 species
1691 2491 1831 2532 Algarum
1855 2496 2004 2528 tractante,
