2225 3020
1221 197 1243 231 8

455 301 629 349 cognitus,
660 301 696 333 in
726 297 761 331 V
762 296 954 337 aucheriis,
980 296 1132 345 Achlya
1158 305 1193 333 et
1219 297 1461 349 Saprolegnia
1487 299 1716 335 fructificatio
1746 299 1912 350 duplicis,
1945 302 2017 336 imo

455 363 603 413 triplicis
627 360 759 396 indolis
779 361 849 407 (¹).

590 423 818 460 Evolutionis
845 431 953 474 typus
981 425 1212 459 tricellularts
1242 425 1334 459 intcr
1361 425 1469 475 Algas
1497 439 1598 461 veras
1628 426 1775 475 quidem
1804 427 1891 462 mihi
1918 429 2017 462 inco-

454 491 581 538 gnitus,
605 489 697 522 inter
715 487 854 537 plantas
872 486 1114 537 mycetoideas
1129 487 1229 536 Algis
1249 487 1413 537 analogas
1430 489 1484 536 (Ζ)
1506 497 1625 524 autem
1645 492 1775 525 eximio
1793 491 1948 526 Piloboli
1961 490 2018 537 (³)

454 550 623 601 exemplo
643 558 943 601 repraesentatur,
972 550 1113 600 fungilli
1131 563 1255 587 revera
1274 551 1515 596 tricellularis,
1542 555 1644 587 cuius
1663 553 1795 588 thallus
1814 556 1849 588 in
1870 554 2018 590 cellulas

454 615 541 650 duas
561 614 746 659 dividitur,
768 614 928 650 radicem
948 617 1049 664 quasi
1068 622 1103 650 et
1121 616 1291 665 stipitem,
1315 617 1378 664 qui
1397 615 1566 650 cellulam
1580 618 1720 651 tertiam
1737 619 2018 668 (sporocytium)

453 678 627 714 suffulcit.

592 741 666 777 Sed
691 743 760 776 iam
779 749 1001 777 revertamur
1020 740 1064 776 ad
1083 741 1191 791 Algas
1209 741 1466 778 unicellulares
1485 744 1668 792 genuinas.
1706 742 1893 779 Generum
1909 758 2013 794 quae,

451 806 640 855 hucusque
664 807 911 848 innotuerunt,
941 818 1111 840 numerus
1138 805 1286 854 quidem
1312 819 1455 855 parvus,
1486 806 1549 841 sed
1576 806 1758 842 diversitas
1785 821 1923 856 magna.
1967 808 2018 844 Ut

451 877 644 905 autonoma
669 876 907 918 agnoscantur
934 871 1133 904 cautissime
1161 869 1384 904 observanda
1409 878 1503 914 sunt,
1533 883 1600 906 nec
1626 872 1692 905 nisi
1712 870 1929 906 evolutionis
1948 878 2015 905 sta-

452 933 519 969 diis
547 933 590 968 ab
617 934 752 981 origine
781 931 825 966 ad
851 931 960 967 finem
986 945 1102 981 usque
1127 935 1277 981 cognitis
1302 933 1527 969 stabilienda.
1571 933 1783 970 Cavendum
1806 936 2017 984 praesertim

451 1010 496 1032 ne
515 996 689 1045 Algarum
716 997 912 1044 superioris
936 995 1072 1030 ordinis
1091 1003 1200 1031 status
1219 996 1393 1032 iuveniles
1414 997 1468 1044 (4)
1489 997 1547 1033 vel
1566 1000 1812 1047 generationes
1832 997 2016 1047 depaupe-

451 1069 546 1096 ratae
568 1058 829 1109 (pauperculae
844 1058 1167 1108 „Kiimmerlinge”
1181 1059 1267 1094 mihi
1286 1059 1418 1105 dictae)
1436 1061 1490 1106 (5)
1508 1074 1636 1110 genera
1651 1061 1824 1110 Algarum
1838 1061 2015 1097 unicellu-

450 1125 578 1160 larium
597 1123 810 1158 habeantur.
848 1122 972 1158 Nihilo
989 1124 1103 1157 secius
1118 1123 1162 1157 ab
1179 1122 1288 1158 altera
1303 1131 1404 1172 parte
1420 1124 1621 1159 cavendum
1637 1132 1700 1168 est,
1719 1138 1764 1159 ne
1779 1126 1938 1174 ipsarum
1952 1125 2017 1160 Al·

450 1201 571 1238 garum
602 1185 894 1221 unicellularium
925 1188 1211 1221 consociationes
1240 1200 1323 1221 cum
1351 1186 1452 1236 Algis
1484 1187 1822 1223 multicellularibus
1854 1201 2016 1224 commu-

450 1259 583 1287 tentur.
630 1251 775 1285 Etenim
807 1249 904 1299 apud
936 1249 1042 1299 plura
1073 1249 1216 1284 illarum
1245 1263 1374 1299 genera
1403 1250 1674 1287 individuorum
1704 1251 1955 1287 distinctorum
1984 1260 2020 1288 et

449 1317 563 1365 prima
588 1321 701 1349 aetate
726 1326 989 1362 nonnunquam
1015 1313 1128 1348 libere
1153 1313 1343 1348 mobilium
1367 1316 1654 1350 consociationes
1674 1317 1888 1351 arctissimae
1908 1324 1943 1351 et
1961 1329 2016 1352 re-

450 1379 589 1429 gulares
609 1384 818 1420 occurrunt,
846 1390 954 1425 quam
973 1379 1125 1412 maxime
1145 1376 1302 1420 fallaces,
1330 1377 1474 1427 plantae
1494 1378 1653 1428 singulae
1673 1386 1884 1414 contextum
1903 1379 2016 1415 cellu-

449 1443 568 1477 losum
592 1442 818 1483 mentientes,
850 1454 949 1490 quas,
980 1448 1181 1476 memoratu
1207 1443 1358 1476 maxime
1383 1441 1517 1490 dignas,
1547 1441 1657 1491 paulo
1683 1445 1881 1478 accuratius
1900 1446 2016 1479 consi-

451 1506 576 1542 derare
603 1513 635 1540 et
663 1518 746 1539 cum
765 1504 939 1553 Algarum
963 1504 1428 1554 pseudo-unicellularium
1453 1504 1595 1540 familiis
1615 1505 1670 1541 vel
1691 1506 1843 1541 coloniis
1869 1520 2015 1558 compa-

449 1581 527 1603 rare
554 1567 649 1602 haud
677 1567 901 1618 superfluum
929 1576 1032 1617 puto.
1077 1569 1191 1617 Atqui
1219 1581 1375 1618 corpora
1403 1568 1464 1603 illa
1491 1571 1703 1618 composita,
1736 1583 1828 1619 quae
1855 1573 1889 1605 in
1916 1571 2017 1621 Algis

449 1641 519 1667 tam
545 1631 689 1676 laxiori,
722 1645 830 1681 quam
857 1633 1026 1666 strictiori
1052 1644 1158 1667 sensu
1183 1631 1482 1667 unicellularibus
1508 1634 1776 1668 consociatione
1802 1634 2017 1670 cellularum

509 1776 555 1813 (¹)
592 1778 771 1803 Vamheriae
798 1775 896 1803 ramuli
919 1775 1098 1810 corniculati,
1128 1775 1175 1813 qui
1197 1775 1358 1814 sporocytia
1381 1775 1503 1803 lateralia
1526 1775 1714 1815 hypnosporis
1738 1777 1811 1805 foeta
1835 1778 2015 1815 comitantur,

448 1839 479 1855 ex
507 1825 752 1855 observationibus
781 1826 971 1853 Karstenii
1000 1825 1074 1862 (bot.
1096 1825 1167 1853 Zeit.
1190 1825 1278 1853 1852.
1302 1837 1328 1864 p.
1342 1825 1410 1861 86),
1450 1832 1530 1853 caute
1559 1826 1670 1864 quidem
1699 1827 1881 1866 recipiendiS,
1914 1829 2015 1868 gonio-

448 1877 520 1916 cytia
543 1876 712 1916 zoogouidia
735 1876 844 1903 minora
867 1875 1100 1915 (mierogonidia)
1123 1875 1282 1904 emittentia
1305 1887 1364 1904 esse
1386 1876 1430 1904 vix
1452 1875 1587 1904 dubitem.
1622 1877 1696 1905 Hinc
1721 1878 1893 1907 Vaut-beriae
1917 1879 2016 1918 triplex

446 1926 671 1956 fructificationis
697 1932 853 1964 apparatus.

509 1986 555 2024 (¹²)
589 1985 681 2025 Fungi
704 1988 853 2020 rrzucnrim‘,
882 1985 982 2023 quibus
1006 1985 1127 2013 Piloboli
1150 1995 1238 2024 genus
1261 1985 1468 2021 adnumeratur,
1496 1996 1550 2014 una
1573 1997 1634 2015 cum
1658 1989 1866 2021 Saprolegm'eis
1893 1989 2015 2025 (incluso

447 2040 603 2072 Leptamito
625 2036 730 2071 lacteo)
753 2035 879 2074 proxime
902 2036 1039 2074 cognatis,
1063 2035 1148 2064 tliallo
1172 2035 1336 2074 plerumque
1359 2036 1531 2064 unicellulari
1554 2043 1582 2065 et
1604 2048 1749 2076 sporarum
1772 2037 1943 2067 formatione
1966 2050 2015 2068 en-

446 2088 556 2128 ‹logena
581 2088 800 2113 Va111·1m·1‘11ce1's
822 2087 899 2123 (cum
924 2086 1044 2121 Codieii)
1068 2086 1185 2114 omnino
1207 2086 1389 2125 respondent.

509 2146 555 2183 (³)
590 2145 691 2174 Cohn
715 2145 742 2173 in
765 2151 818 2173 act.
836 2151 892 2173 nat.
910 2156 967 2173 cur.
984 2145 1032 2173 ⁴253.
1047 2147 1073 2173 1.
1091 2157 1117 2184 p.
1132 2145 1200 2174 492.
1217 2145 1273 2174 tab.
1287 2145 1335 2174 5¹1.

509 2206 555 2240 (“)
589 2207 754 2241 conservae,
774 2207 950 2235 Ulotlzrichis,
975 2207 1172 2239 Cladnplmrae
1194 2205 1364 2244 aliarumque
1381 2205 1653 2234 Conservoidearum
1670 2205 1809 2245 plantulae
1825 2208 2016 2247 germinantes

449 2258 590 2282 Characia
613 2261 642 2284 et
664 2257 842 2291 Hydrorytia
864 2254 943 2283 valde
965 2255 1148 2283 aemulantur.

507 2314 554 2351 (ὁ)
587 2314 755 2342 Huiusmodi
777 2313 962 2353 pauperculae
985 2314 1002 2342 i.
1017 2325 1040 2342 e.
1066 2314 1205 2343 individua
1229 2314 1393 2343 normaliter
1415 2314 1601 2354 depauperata
1624 2321 1652 2343 et
1675 2315 1808 2355 singulari
1831 2317 1915 2346 modo
1934 2318 2013 2357 plan-

447 2364 518 2392 tulas
541 2365 698 2402 parasiticas
722 2364 952 2393 *l—‘Jcellulares
975 2364 1140 2393 mentientia
1163 2365 1191 2392 in
1216 2367 1374 2398 Oedognm'l
1394 2365 1536 2393 nonnullis
1558 2365 1713 2404 speciebuS,
1737 2377 1787 2395 nec
1811 2377 1868 2395 non
1891 2367 1919 2395 in
1942 2369 2013 2395 Bul-

447 2418 580 2441 boehm—te
607 2425 621 2442 e
649 2414 861 2455 microgonidiis
890 2415 1029 2443 oriuntur.
1070 2414 1156 2444 Conf.
1179 2414 1214 2443 A.
1237 2415 1355 2443 Braun
1377 2415 1454 2453 Verj.
1477 2427 1503 2454 p.
1516 2415 1583 2444 151.
1619 2415 1698 2444 Ant.
1720 2416 1758 2445 de
1778 2417 1868 2456 Bary
1889 2418 1916 2445 in
1939 2418 2011 2447 Mus.

447 2464 590 2493 Senkenb.
608 2464 696 2493 1854.
713 2477 739 2504 p.
754 2465 801 2494 63.
816 2464 863 2493 87.
879 2471 900 2494 t.
913 2466 930 2493 3
947 2471 975 2494 et
990 2464 1017 2493 4.
