<?xml version="1.0" encoding="UTF-8"?>
<!DOCTYPE html PUBLIC "-//W3C//DTD XHTML 1.0 Transitional//EN"
    "http://www.w3.org/TR/xhtml1/DTD/xhtml1-transitional.dtd">
<html xmlns="http://www.w3.org/1999/xhtml" xml:lang="en" lang="en">
 <head>
  <title>
</title>
<meta http-equiv="Content-Type" content="text/html;charset=utf-8" />
  <meta name='ocr-system' content='tesseract 3.04.00' />
  <meta name='ocr-capabilities' content='ocr_page ocr_carea ocr_par ocr_line ocrx_word'/>
</head>
<body>
  <div class='ocr_page' id='page_1' title='image "algarumunicellul00brau_0021.png"; bbox 0 0 2225 3020; ppageno 0'>
   <div class='ocr_carea' id='block_1_1' title="bbox 980 202 1001 238">
    <p class='ocr_par' dir='ltr' id='par_1_1' title="bbox 980 202 1001 238">
     <span class='ocr_line' id='line_1_1' title="bbox 980 202 1001 238; baseline 0 0"><span class='ocrx_word' id='word_1_1' title='bbox 980 202 1001 238; x_wconf 94' lang='lat'><strong>7</strong></span> 
     </span>
    </p>
   </div>
   <div class='ocr_carea' id='block_1_2' title="bbox 191 300 1769 2256">
    <p class='ocr_par' dir='ltr' id='par_1_2' title="bbox 194 300 1769 1555">
     <span class='ocr_line' id='line_1_2' title="bbox 204 300 1769 354; baseline 0.001 -17"><span class='ocrx_word' id='word_1_2' title='bbox 204 301 459 352; x_wconf 84' lang='lat' dir='ltr'>multiplicatio</span> <span class='ocrx_word' id='word_1_3' title='bbox 486 308 521 337; x_wconf 89' lang='lat' dir='ltr'>et</span> <span class='ocrx_word' id='word_1_4' title='bbox 548 300 744 345; x_wconf 84' lang='lat' dir='ltr'>diversitas,</span> <span class='ocrx_word' id='word_1_5' title='bbox 781 315 894 351; x_wconf 89' lang='lat' dir='ltr'>quum</span> <span class='ocrx_word' id='word_1_6' title='bbox 925 302 1050 339; x_wconf 90' lang='lat' dir='ltr'>eadem</span> <span class='ocrx_word' id='word_1_7' title='bbox 1076 303 1207 339; x_wconf 88' lang='lat' dir='ltr'>cellula</span> <span class='ocrx_word' id='word_1_8' title='bbox 1234 305 1432 340; x_wconf 86' lang='lat' dir='ltr'><strong>successive</strong></span> <span class='ocrx_word' id='word_1_9' title='bbox 1458 303 1560 339; x_wconf 91' lang='lat' dir='ltr'>thalli</span> <span class='ocrx_word' id='word_1_10' title='bbox 1587 311 1622 339; x_wconf 90' lang='lat' dir='ltr'>et</span> <span class='ocrx_word' id='word_1_11' title='bbox 1647 307 1769 354; x_wconf 82' lang='lat' dir='ltr'>organi</span> 
     </span>
     <span class='ocr_line' id='line_1_3' title="bbox 204 364 1767 417; baseline 0.002 -17"><span class='ocrx_word' id='word_1_12' title='bbox 204 364 465 400; x_wconf 87' lang='lat' dir='ltr'>fructificatorii</span> <span class='ocrx_word' id='word_1_13' title='bbox 492 366 710 414; x_wconf 78' lang='lat' dir='ltr'>(goniocytii</span> <span class='ocrx_word' id='word_1_14' title='bbox 733 364 792 400; x_wconf 87' lang='lat' dir='ltr'>vel</span> <span class='ocrx_word' id='word_1_15' title='bbox 817 369 1027 416; x_wconf 87' lang='lat' dir='ltr'>sporocytii,</span> <span class='ocrx_word' id='word_1_16' title='bbox 1056 367 1165 416; x_wconf 76' lang='lat' dir='ltr'>vulgo</span> <span class='ocrx_word' id='word_1_17' title='bbox 1184 369 1428 416; x_wconf 81' lang='lat' dir='ltr'>‚‚sporangii⁷’)</span> <span class='ocrx_word' id='word_1_18' title='bbox 1455 367 1623 417; x_wconf 77' lang='lat' dir='ltr'>dignitate</span> <span class='ocrx_word' id='word_1_19' title='bbox 1641 367 1767 403; x_wconf 85' lang='lat' dir='ltr'>indua-</span> 
     </span>
     <span class='ocr_line' id='line_1_4' title="bbox 203 427 1768 480; baseline 0.001 -16"><span class='ocrx_word' id='word_1_20' title='bbox 203 435 275 464; x_wconf 88' lang='lat' dir='ltr'><strong>tur.</strong></span> <span class='ocrx_word' id='word_1_21' title='bbox 323 427 515 464; x_wconf 86' lang='lat' dir='ltr'><strong>Caeterum</strong></span> <span class='ocrx_word' id='word_1_22' title='bbox 547 430 640 463; x_wconf 88' lang='lat' dir='ltr'>inter</span> <span class='ocrx_word' id='word_1_23' title='bbox 670 427 732 463; x_wconf 89' lang='lat' dir='ltr'>has</span> <span class='ocrx_word' id='word_1_24' title='bbox 764 441 913 477; x_wconf 89' lang='lat' dir='ltr'>quoque</span> <span class='ocrx_word' id='word_1_25' title='bbox 946 429 1043 464; x_wconf 88' lang='lat' dir='ltr'>aliud</span> <span class='ocrx_word' id='word_1_26' title='bbox 1074 429 1264 465; x_wconf 87' lang='lat' dir='ltr'>discrimen</span> <span class='ocrx_word' id='word_1_27' title='bbox 1296 443 1332 465; x_wconf 91' lang='lat' dir='ltr'>se</span> <span class='ocrx_word' id='word_1_28' title='bbox 1365 430 1486 475; x_wconf 87' lang='lat' dir='ltr'>offert,</span> <span class='ocrx_word' id='word_1_29' title='bbox 1525 443 1599 480; x_wconf 91' lang='lat' dir='ltr'>quo</span> <span class='ocrx_word' id='word_1_30' title='bbox 1631 431 1768 466; x_wconf 82' lang='lat' dir='ltr'>formae</span> 
     </span>
     <span class='ocr_line' id='line_1_5' title="bbox 202 490 1768 543; baseline 0.002 -16"><span class='ocrx_word' id='word_1_31' title='bbox 202 493 419 527; x_wconf 82' lang='lat' dir='ltr'>strictissime</span> <span class='ocrx_word' id='word_1_32' title='bbox 446 490 701 526; x_wconf 86' lang='lat' dir='ltr'>unicellulares</span> <span class='ocrx_word' id='word_1_33' title='bbox 729 492 772 526; x_wconf 92' lang='lat' dir='ltr'>ab</span> <span class='ocrx_word' id='word_1_34' title='bbox 799 494 840 527; x_wconf 91' lang='lat' dir='ltr'>iis</span> <span class='ocrx_word' id='word_1_35' title='bbox 868 500 1117 537; x_wconf 86' lang='lat' dir='ltr'>secernuntur,</span> <span class='ocrx_word' id='word_1_36' title='bbox 1149 506 1241 542; x_wconf 87' lang='lat' dir='ltr'>quae</span> <span class='ocrx_word' id='word_1_37' title='bbox 1264 494 1470 542; x_wconf 87' lang='lat' dir='ltr'>ambiguum</span> <span class='ocrx_word' id='word_1_38' title='bbox 1495 493 1768 543; x_wconf 91' lang='lat' dir='ltr'>quodammodo</span> 
     </span>
     <span class='ocr_line' id='line_1_6' title="bbox 202 553 1767 607; baseline 0.002 -17"><span class='ocrx_word' id='word_1_39' title='bbox 202 555 324 590; x_wconf 92' lang='lat' dir='ltr'>locum</span> <span class='ocrx_word' id='word_1_40' title='bbox 343 562 480 589; x_wconf 89' lang='lat' dir='ltr'>tenent.</span> <span class='ocrx_word' id='word_1_41' title='bbox 511 553 700 590; x_wconf 89' lang='lat' dir='ltr'>Differunt</span> <span class='ocrx_word' id='word_1_42' title='bbox 719 557 812 590; x_wconf 92' lang='lat' dir='ltr'>enim</span> <span class='ocrx_word' id='word_1_43' title='bbox 832 555 945 605; x_wconf 80' lang='lat' dir='ltr'>Algae</span> <span class='ocrx_word' id='word_1_44' title='bbox 964 555 1220 591; x_wconf 85' lang='lat' dir='ltr'>unicellulares</span> <span class='ocrx_word' id='word_1_45' title='bbox 1240 555 1361 605; x_wconf 89' lang='lat' dir='ltr'>quoad</span> <span class='ocrx_word' id='word_1_46' title='bbox 1382 559 1648 605; x_wconf 83' lang='lat' dir='ltr'>generationem</span> <span class='ocrx_word' id='word_1_47' title='bbox 1667 560 1767 607; x_wconf 87' lang='lat' dir='ltr'>goni-</span> 
     </span>
     <span class='ocr_line' id='line_1_7' title="bbox 202 616 1766 667; baseline 0.003 -15"><span class='ocrx_word' id='word_1_48' title='bbox 202 617 357 661; x_wconf 89' lang='lat' dir='ltr'>diorum,</span> <span class='ocrx_word' id='word_1_49' title='bbox 382 630 474 666; x_wconf 86' lang='lat' dir='ltr'>quae</span> <span class='ocrx_word' id='word_1_50' title='bbox 494 616 569 652; x_wconf 89' lang='lat' dir='ltr'>aliis</span> <span class='ocrx_word' id='word_1_51' title='bbox 588 630 654 667; x_wconf 89' lang='lat' dir='ltr'>per</span> <span class='ocrx_word' id='word_1_52' title='bbox 669 622 952 667; x_wconf 78' lang='lat' dir='ltr'>segregationem</span> <span class='ocrx_word' id='word_1_53' title='bbox 967 626 1002 654; x_wconf 92' lang='lat' dir='ltr'>et</span> <span class='ocrx_word' id='word_1_54' title='bbox 1015 619 1370 654; x_wconf 82' lang='lat' dir='ltr'>transformationem</span> <span class='ocrx_word' id='word_1_55' title='bbox 1385 627 1640 656; x_wconf 85' lang='lat' dir='ltr'>contentorum</span> <span class='ocrx_word' id='word_1_56' title='bbox 1654 621 1766 656; x_wconf 90' lang='lat' dir='ltr'>cellu-</span> 
     </span>
     <span class='ocr_line' id='line_1_8' title="bbox 200 680 1765 733; baseline 0.003 -18"><span class='ocrx_word' id='word_1_57' title='bbox 200 681 255 716; x_wconf 86' lang='lat' dir='ltr'>lae</span> <span class='ocrx_word' id='word_1_58' title='bbox 275 680 447 716; x_wconf 83' lang='lat' dir='ltr'>directam</span> <span class='ocrx_word' id='word_1_59' title='bbox 467 680 623 716; x_wconf 85' lang='lat' dir='ltr'>efficitur</span> <span class='ocrx_word' id='word_1_60' title='bbox 643 682 711 727; x_wconf 85' lang='lat'>(¹),</span> <span class='ocrx_word' id='word_1_61' title='bbox 736 681 812 716; x_wconf 88' lang='lat' dir='ltr'>aliis</span> <span class='ocrx_word' id='word_1_62' title='bbox 833 681 1067 717; x_wconf 84' lang='lat' dir='ltr'>antecedente</span> <span class='ocrx_word' id='word_1_63' title='bbox 1086 690 1168 717; x_wconf 89' lang='lat' dir='ltr'>actu</span> <span class='ocrx_word' id='word_1_64' title='bbox 1187 682 1359 718; x_wconf 88' lang='lat' dir='ltr'>divisorio</span> <span class='ocrx_word' id='word_1_65' title='bbox 1379 685 1534 733; x_wconf 91' lang='lat' dir='ltr'>repetito</span> <span class='ocrx_word' id='word_1_66' title='bbox 1556 684 1625 731; x_wconf 75' lang='lat'>(2).</span> <span class='ocrx_word' id='word_1_67' title='bbox 1663 683 1765 719; x_wconf 92' lang='lat' dir='ltr'>Prio-</span> 
     </span>
     <span class='ocr_line' id='line_1_9' title="bbox 199 745 1766 796; baseline 0.001 -16"><span class='ocrx_word' id='word_1_68' title='bbox 199 757 257 780; x_wconf 86' lang='lat' dir='ltr'>res</span> <span class='ocrx_word' id='word_1_69' title='bbox 286 745 512 779; x_wconf 88' lang='lat' dir='ltr'>strictissimo</span> <span class='ocrx_word' id='word_1_70' title='bbox 542 757 651 779; x_wconf 89' lang='lat' dir='ltr'>sensu</span> <span class='ocrx_word' id='word_1_71' title='bbox 677 745 933 780; x_wconf 87' lang='lat' dir='ltr'>unicellulares</span> <span class='ocrx_word' id='word_1_72' title='bbox 966 758 1045 780; x_wconf 88' lang='lat' dir='ltr'>esse</span> <span class='ocrx_word' id='word_1_73' title='bbox 1076 758 1183 781; x_wconf 90' lang='lat' dir='ltr'>nemo</span> <span class='ocrx_word' id='word_1_74' title='bbox 1214 748 1251 780; x_wconf 94' lang='lat' dir='ltr'>in</span> <span class='ocrx_word' id='word_1_75' title='bbox 1282 745 1433 781; x_wconf 87' lang='lat' dir='ltr'>dubium</span> <span class='ocrx_word' id='word_1_76' title='bbox 1461 747 1617 790; x_wconf 85' lang='lat' dir='ltr'>vocabit,</span> <span class='ocrx_word' id='word_1_77' title='bbox 1654 761 1766 796; x_wconf 88' lang='lat' dir='ltr'>quum</span> 
     </span>
     <span class='ocr_line' id='line_1_10' title="bbox 199 808 1767 859; baseline 0.001 -16"><span class='ocrx_word' id='word_1_78' title='bbox 199 810 298 843; x_wconf 90' lang='lat' dir='ltr'>omni</span> <span class='ocrx_word' id='word_1_79' title='bbox 313 809 583 856; x_wconf 80' lang='lat' dir='ltr'>generationum</span> <span class='ocrx_word' id='word_1_80' title='bbox 600 810 690 843; x_wconf 88' lang='lat' dir='ltr'>serie</span> <span class='ocrx_word' id='word_1_81' title='bbox 706 810 797 843; x_wconf 86' lang='lat' dir='ltr'>intra</span> <span class='ocrx_word' id='word_1_82' title='bbox 811 808 955 858; x_wconf 86' lang='lat' dir='ltr'>cyclum</span> <span class='ocrx_word' id='word_1_83' title='bbox 970 808 1114 844; x_wconf 89' lang='lat' dir='ltr'>vitalem</span> <span class='ocrx_word' id='word_1_84' title='bbox 1129 817 1284 853; x_wconf 74' lang='lat' dir='ltr'>careant3</span> <span class='ocrx_word' id='word_1_85' title='bbox 1302 811 1525 859; x_wconf 86' lang='lat' dir='ltr'>posteriores</span> <span class='ocrx_word' id='word_1_86' title='bbox 1539 823 1638 851; x_wconf 80' lang='lat' dir='ltr'>vem,</span> <span class='ocrx_word' id='word_1_87' title='bbox 1655 824 1767 859; x_wconf 86' lang='lat' dir='ltr'>quum</span> 
     </span>
     <span class='ocr_line' id='line_1_11' title="bbox 196 870 1765 922; baseline 0.002 -17"><span class='ocrx_word' id='word_1_88' title='bbox 196 877 284 920; x_wconf 87' lang='lat' dir='ltr'>post</span> <span class='ocrx_word' id='word_1_89' title='bbox 308 870 463 905; x_wconf 88' lang='lat' dir='ltr'>stadium</span> <span class='ocrx_word' id='word_1_90' title='bbox 487 874 726 920; x_wconf 84' lang='lat' dir='ltr'>vegetativum</span> <span class='ocrx_word' id='word_1_91' title='bbox 752 871 989 907; x_wconf 89' lang='lat' dir='ltr'>unicellulare</span> <span class='ocrx_word' id='word_1_92' title='bbox 1014 885 1080 922; x_wconf 91' lang='lat' dir='ltr'>per</span> <span class='ocrx_word' id='word_1_93' title='bbox 1100 872 1212 908; x_wconf 89' lang='lat' dir='ltr'>stadia</span> <span class='ocrx_word' id='word_1_94' title='bbox 1235 872 1446 908; x_wconf 88' lang='lat' dir='ltr'>intermedia</span> <span class='ocrx_word' id='word_1_95' title='bbox 1466 875 1569 922; x_wconf 90' lang='lat' dir='ltr'>quasi</span> <span class='ocrx_word' id='word_1_96' title='bbox 1587 873 1765 909; x_wconf 87' lang='lat' dir='ltr'>multicel-</span> 
     </span>
     <span class='ocr_line' id='line_1_12' title="bbox 197 933 1765 986; baseline 0.003 -18"><span class='ocrx_word' id='word_1_97' title='bbox 197 933 324 969; x_wconf 89' lang='lat' dir='ltr'>lularia</span> <span class='ocrx_word' id='word_1_98' title='bbox 343 933 387 969; x_wconf 90' lang='lat' dir='ltr'>ad</span> <span class='ocrx_word' id='word_1_99' title='bbox 406 934 665 984; x_wconf 87' lang='lat' dir='ltr'>perficiendam</span> <span class='ocrx_word' id='word_1_100' title='bbox 685 934 999 971; x_wconf 83' lang='lat' dir='ltr'>fructificationem</span> <span class='ocrx_word' id='word_1_101' title='bbox 1018 943 1211 980; x_wconf 86' lang='lat' dir='ltr'>transeant,</span> <span class='ocrx_word' id='word_1_102' title='bbox 1236 936 1346 986; x_wconf 88' lang='lat' dir='ltr'>Algas</span> <span class='ocrx_word' id='word_1_103' title='bbox 1365 936 1663 972; x_wconf 87' lang='lat' dir='ltr'>multicellulares</span> <span class='ocrx_word' id='word_1_104' title='bbox 1683 950 1765 972; x_wconf 90' lang='lat' dir='ltr'>cen-</span> 
     </span>
     <span class='ocr_line' id='line_1_13' title="bbox 198 996 1767 1048; baseline 0.002 -16"><span class='ocrx_word' id='word_1_105' title='bbox 198 996 328 1032; x_wconf 88' lang='lat' dir='ltr'>sendas</span> <span class='ocrx_word' id='word_1_106' title='bbox 353 1010 432 1033; x_wconf 90' lang='lat' dir='ltr'>esse</span> <span class='ocrx_word' id='word_1_107' title='bbox 457 997 587 1047; x_wconf 91' lang='lat' dir='ltr'>aliquis</span> <span class='ocrx_word' id='word_1_108' title='bbox 613 1006 730 1048; x_wconf 87' lang='lat' dir='ltr'>putet,</span> <span class='ocrx_word' id='word_1_109' title='bbox 764 1001 793 1033; x_wconf 86' lang='lat' dir='ltr'>si</span> <span class='ocrx_word' id='word_1_110' title='bbox 819 998 968 1048; x_wconf 91' lang='lat' dir='ltr'>quidem</span> <span class='ocrx_word' id='word_1_111' title='bbox 996 998 1147 1034; x_wconf 89' lang='lat' dir='ltr'>cellulas</span> <span class='ocrx_word' id='word_1_112' title='bbox 1172 1002 1359 1035; x_wconf 90' lang='lat' dir='ltr'>nominare</span> <span class='ocrx_word' id='word_1_113' title='bbox 1386 999 1439 1035; x_wconf 84' lang='lat' dir='ltr'>fas</span> <span class='ocrx_word' id='word_1_114' title='bbox 1465 1007 1520 1035; x_wconf 91' lang='lat' dir='ltr'>est</span> <span class='ocrx_word' id='word_1_115' title='bbox 1544 1002 1767 1036; x_wconf 86' lang='lat' dir='ltr'>transitorias</span> 
     </span>
     <span class='ocr_line' id='line_1_14' title="bbox 196 1059 1766 1113; baseline 0.003 -18"><span class='ocrx_word' id='word_1_116' title='bbox 196 1059 276 1096; x_wconf 89' lang='lat' dir='ltr'>illas</span> <span class='ocrx_word' id='word_1_117' title='bbox 301 1063 562 1110; x_wconf 84' lang='lat' dir='ltr'>generationes,</span> <span class='ocrx_word' id='word_1_118' title='bbox 595 1075 687 1111; x_wconf 90' lang='lat' dir='ltr'>quae</span> <span class='ocrx_word' id='word_1_119' title='bbox 714 1064 859 1097; x_wconf 90' lang='lat' dir='ltr'>nonnisi</span> <span class='ocrx_word' id='word_1_120' title='bbox 884 1064 1074 1112; x_wconf 88' lang='lat' dir='ltr'>portiones</span> <span class='ocrx_word' id='word_1_121' title='bbox 1097 1062 1281 1112; x_wconf 88' lang='lat' dir='ltr'>plasmatis</span> <span class='ocrx_word' id='word_1_122' title='bbox 1308 1063 1461 1099; x_wconf 88' lang='lat' dir='ltr'>cellulae</span> <span class='ocrx_word' id='word_1_123' title='bbox 1487 1065 1678 1113; x_wconf 88' lang='lat' dir='ltr'>primariae</span> <span class='ocrx_word' id='word_1_124' title='bbox 1699 1065 1766 1111; x_wconf 84' lang='lat' dir='ltr'>(sic</span> 
     </span>
     <span class='ocr_line' id='line_1_15' title="bbox 197 1123 1764 1177; baseline 0.002 -18"><span class='ocrx_word' id='word_1_125' title='bbox 197 1123 308 1159; x_wconf 88' lang='lat' dir='ltr'>dictas</span> <span class='ocrx_word' id='word_1_126' title='bbox 327 1124 479 1159; x_wconf 89' lang='lat' dir='ltr'>cellulas</span> <span class='ocrx_word' id='word_1_127' title='bbox 499 1124 754 1175; x_wconf 83' lang='lat' dir='ltr'>primordiales</span> <span class='ocrx_word' id='word_1_128' title='bbox 775 1138 839 1160; x_wconf 92' lang='lat' dir='ltr'>seu</span> <span class='ocrx_word' id='word_1_129' title='bbox 857 1125 989 1173; x_wconf 88' lang='lat' dir='ltr'>nudas)</span> <span class='ocrx_word' id='word_1_130' title='bbox 1017 1128 1158 1171; x_wconf 88' lang='lat' dir='ltr'>sistunt,</span> <span class='ocrx_word' id='word_1_131' title='bbox 1186 1129 1244 1162; x_wconf 88' lang='lat' dir='ltr'>vix</span> <span class='ocrx_word' id='word_1_132' title='bbox 1263 1127 1471 1162; x_wconf 86' lang='lat' dir='ltr'>membrana</span> <span class='ocrx_word' id='word_1_133' title='bbox 1489 1129 1639 1177; x_wconf 90' lang='lat' dir='ltr'>propria</span> <span class='ocrx_word' id='word_1_134' title='bbox 1656 1129 1764 1163; x_wconf 89' lang='lat' dir='ltr'>inter-</span> 
     </span>
     <span class='ocr_line' id='line_1_16' title="bbox 196 1188 1764 1240; baseline 0.003 -18"><span class='ocrx_word' id='word_1_135' title='bbox 196 1189 340 1222; x_wconf 90' lang='lat' dir='ltr'>stinctas</span> <span class='ocrx_word' id='word_1_136' title='bbox 361 1196 396 1223; x_wconf 92' lang='lat' dir='ltr'>et</span> <span class='ocrx_word' id='word_1_137' title='bbox 415 1190 514 1223; x_wconf 91' lang='lat' dir='ltr'>omni</span> <span class='ocrx_word' id='word_1_138' title='bbox 534 1188 742 1224; x_wconf 88' lang='lat' dir='ltr'>evolutione</span> <span class='ocrx_word' id='word_1_139' title='bbox 761 1191 958 1238; x_wconf 85' lang='lat' dir='ltr'>vegetativa</span> <span class='ocrx_word' id='word_1_140' title='bbox 977 1197 1151 1225; x_wconf 88' lang='lat' dir='ltr'>carentes.</span> <span class='ocrx_word' id='word_1_141' title='bbox 1194 1189 1391 1239; x_wconf 88' lang='lat' dir='ltr'>Utcunque</span> <span class='ocrx_word' id='word_1_142' title='bbox 1415 1198 1509 1235; x_wconf 83' lang='lat' dir='ltr'>sunt,</span> <span class='ocrx_word' id='word_1_143' title='bbox 1538 1198 1637 1240; x_wconf 84' lang='lat' dir='ltr'>patet</span> <span class='ocrx_word' id='word_1_144' title='bbox 1659 1203 1764 1240; x_wconf 87' lang='lat' dir='ltr'>gene-</span> 
     </span>
     <span class='ocr_line' id='line_1_17' title="bbox 196 1251 1766 1302; baseline 0.003 -17"><span class='ocrx_word' id='word_1_145' title='bbox 196 1253 353 1286; x_wconf 89' lang='lat' dir='ltr'>rationes</span> <span class='ocrx_word' id='word_1_146' title='bbox 380 1251 457 1286; x_wconf 79' lang='lat' dir='ltr'>illas</span> <span class='ocrx_word' id='word_1_147' title='bbox 482 1254 702 1286; x_wconf 88' lang='lat' dir='ltr'>transitorias</span> <span class='ocrx_word' id='word_1_148' title='bbox 729 1252 960 1301; x_wconf 88' lang='lat' dir='ltr'>gonidiorum</span> <span class='ocrx_word' id='word_1_149' title='bbox 986 1253 1296 1302; x_wconf 87' lang='lat' dir='ltr'>imperfectorum,</span> <span class='ocrx_word' id='word_1_150' title='bbox 1330 1256 1460 1289; x_wconf 88' lang='lat' dir='ltr'>iterum</span> <span class='ocrx_word' id='word_1_151' title='bbox 1487 1253 1766 1290; x_wconf 88' lang='lat' dir='ltr'>dividendorum</span> 
     </span>
     <span class='ocr_line' id='line_1_18' title="bbox 197 1313 1765 1367; baseline 0.003 -19"><span class='ocrx_word' id='word_1_152' title='bbox 197 1313 405 1363; x_wconf 87' lang='lat' dir='ltr'>dignitatem</span> <span class='ocrx_word' id='word_1_153' title='bbox 433 1314 579 1358; x_wconf 88' lang='lat' dir='ltr'>habere,</span> <span class='ocrx_word' id='word_1_154' title='bbox 614 1328 722 1364; x_wconf 87' lang='lat' dir='ltr'>quam</span> <span class='ocrx_word' id='word_1_155' title='bbox 753 1316 801 1350; x_wconf 90' lang='lat' dir='ltr'>ob</span> <span class='ocrx_word' id='word_1_156' title='bbox 829 1328 906 1350; x_wconf 87' lang='lat' dir='ltr'>rem</span> <span class='ocrx_word' id='word_1_157' title='bbox 931 1323 967 1350; x_wconf 90' lang='lat' dir='ltr'>et</span> <span class='ocrx_word' id='word_1_158' title='bbox 991 1324 1145 1366; x_wconf 90' lang='lat' dir='ltr'>propter</span> <span class='ocrx_word' id='word_1_159' title='bbox 1170 1330 1346 1351; x_wconf 89' lang='lat' dir='ltr'>summam</span> <span class='ocrx_word' id='word_1_160' title='bbox 1370 1316 1512 1352; x_wconf 87' lang='lat' dir='ltr'>habitus</span> <span class='ocrx_word' id='word_1_161' title='bbox 1538 1317 1765 1367; x_wconf 91' lang='lat' dir='ltr'>aliorumque</span> 
     </span>
     <span class='ocr_line' id='line_1_19' title="bbox 195 1377 1765 1430; baseline 0.003 -18"><span class='ocrx_word' id='word_1_162' title='bbox 195 1377 442 1413; x_wconf 88' lang='lat' dir='ltr'>characterum</span> <span class='ocrx_word' id='word_1_163' title='bbox 468 1377 742 1413; x_wconf 89' lang='lat' dir='ltr'>similitudinem</span> <span class='ocrx_word' id='word_1_164' title='bbox 768 1378 823 1426; x_wconf 80' lang='lat'>(³)</span> <span class='ocrx_word' id='word_1_165' title='bbox 852 1379 1054 1428; x_wconf 82' lang='lat' dir='ltr'>ambiguam</span> <span class='ocrx_word' id='word_1_166' title='bbox 1079 1379 1171 1415; x_wconf 91' lang='lat' dir='ltr'>hanc</span> <span class='ocrx_word' id='word_1_167' title='bbox 1199 1382 1397 1416; x_wconf 88' lang='lat' dir='ltr'>sectionem</span> <span class='ocrx_word' id='word_1_168' title='bbox 1422 1388 1512 1430; x_wconf 85' lang='lat' dir='ltr'>typo</span> <span class='ocrx_word' id='word_1_169' title='bbox 1538 1381 1765 1417; x_wconf 89' lang='lat' dir='ltr'>unicellulari</span> 
     </span>
     <span class='ocr_line' id='line_1_20' title="bbox 195 1440 1762 1495; baseline 0.003 -20"><span class='ocrx_word' id='word_1_170' title='bbox 195 1440 469 1476; x_wconf 89' lang='lat' dir='ltr'>adscribendam</span> <span class='ocrx_word' id='word_1_171' title='bbox 489 1454 568 1476; x_wconf 88' lang='lat' dir='ltr'>esse</span> <span class='ocrx_word' id='word_1_172' title='bbox 588 1444 765 1486; x_wconf 84' lang='lat' dir='ltr'>existimo,</span> <span class='ocrx_word' id='word_1_173' title='bbox 788 1455 923 1478; x_wconf 88' lang='lat' dir='ltr'>nexum</span> <span class='ocrx_word' id='word_1_174' title='bbox 939 1450 1057 1478; x_wconf 90' lang='lat' dir='ltr'>tamen</span> <span class='ocrx_word' id='word_1_175' title='bbox 1073 1456 1156 1478; x_wconf 88' lang='lat' dir='ltr'>cum</span> <span class='ocrx_word' id='word_1_176' title='bbox 1170 1443 1270 1493; x_wconf 88' lang='lat' dir='ltr'>Algis</span> <span class='ocrx_word' id='word_1_177' title='bbox 1285 1443 1624 1480; x_wconf 90' lang='lat' dir='ltr'>multicellularibus</span> <span class='ocrx_word' id='word_1_178' title='bbox 1640 1450 1762 1495; x_wconf 88' lang='lat' dir='ltr'>(pseu-</span> 
     </span>
     <span class='ocr_line' id='line_1_21' title="bbox 194 1503 1203 1555; baseline 0.004 -16"><span class='ocrx_word' id='word_1_179' title='bbox 194 1503 578 1550; x_wconf 84' lang='lat' dir='ltr'>do-unicellularibus)</span> <span class='ocrx_word' id='word_1_180' title='bbox 598 1518 666 1555; x_wconf 91' lang='lat' dir='ltr'>per</span> <span class='ocrx_word' id='word_1_181' title='bbox 684 1504 837 1541; x_wconf 89' lang='lat' dir='ltr'>eandem</span> <span class='ocrx_word' id='word_1_182' title='bbox 855 1505 1005 1541; x_wconf 89' lang='lat' dir='ltr'>indicari</span> <span class='ocrx_word' id='word_1_183' title='bbox 1024 1506 1203 1543; x_wconf 88' lang='lat' dir='ltr'>concedo.</span> 
     </span>
    </p>

    <p class='ocr_par' dir='ltr' id='par_1_3' title="bbox 191 1567 1765 2256">
     <span class='ocr_line' id='line_1_22' title="bbox 332 1567 1765 1621; baseline 0.003 -19"><span class='ocrx_word' id='word_1_184' title='bbox 332 1568 391 1603; x_wconf 92' lang='lat' dir='ltr'>Ab</span> <span class='ocrx_word' id='word_1_185' title='bbox 412 1567 512 1617; x_wconf 86' lang='lat' dir='ltr'>Algis</span> <span class='ocrx_word' id='word_1_186' title='bbox 531 1568 830 1604; x_wconf 86' lang='lat' dir='ltr'>unicellularibus</span> <span class='ocrx_word' id='word_1_187' title='bbox 854 1577 999 1619; x_wconf 89' lang='lat' dir='ltr'>praeter</span> <span class='ocrx_word' id='word_1_188' title='bbox 1021 1569 1461 1620; x_wconf 88' lang='lat' dir='ltr'>pseudo-unicellulares,</span> <span class='ocrx_word' id='word_1_189' title='bbox 1489 1570 1534 1607; x_wconf 91' lang='lat' dir='ltr'>de</span> <span class='ocrx_word' id='word_1_190' title='bbox 1555 1572 1686 1621; x_wconf 89' lang='lat' dir='ltr'>quibus</span> <span class='ocrx_word' id='word_1_191' title='bbox 1706 1585 1765 1607; x_wconf 88' lang='lat' dir='ltr'>su-</span> 
     </span>
     <span class='ocr_line' id='line_1_23' title="bbox 192 1631 1764 1684; baseline 0.003 -19"><span class='ocrx_word' id='word_1_192' title='bbox 192 1643 258 1681; x_wconf 90' lang='lat' dir='ltr'>pra</span> <span class='ocrx_word' id='word_1_193' title='bbox 288 1633 353 1680; x_wconf 91' lang='lat' dir='ltr'>egi,</span> <span class='ocrx_word' id='word_1_194' title='bbox 387 1631 595 1667; x_wconf 86' lang='lat' dir='ltr'>eximendae</span> <span class='ocrx_word' id='word_1_195' title='bbox 628 1644 778 1680; x_wconf 88' lang='lat' dir='ltr'>quoque</span> <span class='ocrx_word' id='word_1_196' title='bbox 811 1640 895 1667; x_wconf 87' lang='lat' dir='ltr'>sunt</span> <span class='ocrx_word' id='word_1_197' title='bbox 925 1632 1038 1681; x_wconf 86' lang='lat' dir='ltr'>Algae</span> <span class='ocrx_word' id='word_1_198' title='bbox 1070 1636 1191 1683; x_wconf 87' lang='lat' dir='ltr'>typice</span> <span class='ocrx_word' id='word_1_199' title='bbox 1217 1634 1454 1678; x_wconf 78' lang='lat' dir='ltr'>bicellulares,</span> <span class='ocrx_word' id='word_1_200' title='bbox 1490 1648 1581 1684; x_wconf 87' lang='lat' dir='ltr'>quae</span> <span class='ocrx_word' id='word_1_201' title='bbox 1615 1635 1764 1671; x_wconf 84' lang='lat' dir='ltr'>cellulas</span> 
     </span>
     <span class='ocr_line' id='line_1_24' title="bbox 193 1694 1761 1748; baseline 0.003 -19"><span class='ocrx_word' id='word_1_202' title='bbox 193 1695 293 1729; x_wconf 90' lang='lat' dir='ltr'>binas</span> <span class='ocrx_word' id='word_1_203' title='bbox 318 1694 587 1744; x_wconf 88' lang='lat' dir='ltr'>heterogeneas,</span> <span class='ocrx_word' id='word_1_204' title='bbox 617 1694 728 1730; x_wconf 84' lang='lat' dir='ltr'>altera</span> <span class='ocrx_word' id='word_1_205' title='bbox 752 1694 917 1739; x_wconf 90' lang='lat' dir='ltr'>thallum,</span> <span class='ocrx_word' id='word_1_206' title='bbox 949 1695 1059 1731; x_wconf 87' lang='lat' dir='ltr'>altera</span> <span class='ocrx_word' id='word_1_207' title='bbox 1083 1699 1331 1747; x_wconf 84' lang='lat' dir='ltr'>goniocytium</span> <span class='ocrx_word' id='word_1_208' title='bbox 1354 1697 1413 1733; x_wconf 85' lang='lat' dir='ltr'>vel</span> <span class='ocrx_word' id='word_1_209' title='bbox 1437 1700 1687 1748; x_wconf 86' lang='lat' dir='ltr'>sporocytium</span> <span class='ocrx_word' id='word_1_210' title='bbox 1711 1698 1761 1734; x_wconf 86' lang='lat' dir='ltr'>es-</span> 
     </span>
     <span class='ocr_line' id='line_1_25' title="bbox 192 1757 1761 1811; baseline 0.003 -19"><span class='ocrx_word' id='word_1_211' title='bbox 192 1757 385 1802; x_wconf 87' lang='lat' dir='ltr'>formante,</span> <span class='ocrx_word' id='word_1_212' title='bbox 417 1757 640 1808; x_wconf 83' lang='lat' dir='ltr'>producunt..</span> <span class='ocrx_word' id='word_1_213' title='bbox 684 1758 760 1794; x_wconf 89' lang='lat' dir='ltr'>Hae</span> <span class='ocrx_word' id='word_1_214' title='bbox 784 1758 897 1793; x_wconf 84' lang='lat' dir='ltr'>thallo</span> <span class='ocrx_word' id='word_1_215' title='bbox 925 1758 1073 1808; x_wconf 89' lang='lat' dir='ltr'>quidem</span> <span class='ocrx_word' id='word_1_216' title='bbox 1098 1759 1327 1795; x_wconf 88' lang='lat' dir='ltr'>unicellulari</span> <span class='ocrx_word' id='word_1_217' title='bbox 1351 1760 1519 1810; x_wconf 84' lang='lat' dir='ltr'>gaudent,</span> <span class='ocrx_word' id='word_1_218' title='bbox 1548 1761 1613 1797; x_wconf 88' lang='lat' dir='ltr'>sed</span> <span class='ocrx_word' id='word_1_219' title='bbox 1637 1763 1761 1811; x_wconf 88' lang='lat' dir='ltr'>gonio-</span> 
     </span>
     <span class='ocr_line' id='line_1_26' title="bbox 192 1821 1764 1875; baseline 0.003 -19"><span class='ocrx_word' id='word_1_220' title='bbox 192 1823 285 1872; x_wconf 86' lang='lat' dir='ltr'>cytia</span> <span class='ocrx_word' id='word_1_221' title='bbox 303 1821 363 1857; x_wconf 87' lang='lat' dir='ltr'>vel</span> <span class='ocrx_word' id='word_1_222' title='bbox 381 1823 588 1871; x_wconf 73' lang='lat' dir='ltr'>sporocytia</span> <span class='ocrx_word' id='word_1_223' title='bbox 608 1834 626 1856; x_wconf 87' lang='lat' dir='ltr'>a</span> <span class='ocrx_word' id='word_1_224' title='bbox 640 1821 754 1856; x_wconf 86' lang='lat' dir='ltr'>thallo</span> <span class='ocrx_word' id='word_1_225' title='bbox 771 1821 936 1857; x_wconf 90' lang='lat' dir='ltr'>distincta</span> <span class='ocrx_word' id='word_1_226' title='bbox 951 1830 987 1858; x_wconf 88' lang='lat' dir='ltr'>et</span> <span class='ocrx_word' id='word_1_227' title='bbox 1001 1822 1144 1858; x_wconf 84' lang='lat' dir='ltr'>exclusa</span> <span class='ocrx_word' id='word_1_228' title='bbox 1159 1831 1300 1872; x_wconf 83' lang='lat' dir='ltr'>gerunt.</span> <span class='ocrx_word' id='word_1_229' title='bbox 1332 1823 1453 1859; x_wconf 90' lang='lat' dir='ltr'>Status</span> <span class='ocrx_word' id='word_1_230' title='bbox 1468 1825 1764 1875; x_wconf 84' lang='lat' dir='ltr'>simplicissimus,</span> 
     </span>
     <span class='ocr_line' id='line_1_27' title="bbox 193 1884 1763 1937; baseline 0.003 -17"><span class='ocrx_word' id='word_1_231' title='bbox 193 1884 308 1934; x_wconf 83' lang='lat' dir='ltr'>qualis</span> <span class='ocrx_word' id='word_1_232' title='bbox 333 1887 370 1919; x_wconf 93' lang='lat' dir='ltr'>in</span> <span class='ocrx_word' id='word_1_233' title='bbox 391 1885 428 1918; x_wconf 87' lang='lat' dir='ltr'><em>V</em></span> <span class='ocrx_word' id='word_1_234' title='bbox 428 1884 624 1920; x_wconf 70' lang='lat' dir='ltr'>‹tucher-iae</span> <span class='ocrx_word' id='word_1_235' title='bbox 648 1886 905 1934; x_wconf 86' lang='lat' dir='ltr'>speciminibus</span> <span class='ocrx_word' id='word_1_236' title='bbox 931 1899 1039 1935; x_wconf 91' lang='lat' dir='ltr'>quam</span> <span class='ocrx_word' id='word_1_237' title='bbox 1063 1888 1214 1922; x_wconf 83' lang='lat' dir='ltr'>maxime</span> <span class='ocrx_word' id='word_1_238' title='bbox 1240 1886 1493 1937; x_wconf 86' lang='lat' dir='ltr'>depauperatis</span> <span class='ocrx_word' id='word_1_239' title='bbox 1514 1889 1657 1925; x_wconf 88' lang='lat' dir='ltr'>obviam</span> <span class='ocrx_word' id='word_1_240' title='bbox 1676 1889 1763 1924; x_wconf 88' lang='lat' dir='ltr'>mihi</span> 
     </span>
     <span class='ocr_line' id='line_1_28' title="bbox 192 1947 1761 2001; baseline 0.003 -18"><span class='ocrx_word' id='word_1_241' title='bbox 192 1950 301 1993; x_wconf 90' lang='lat' dir='ltr'>venit,</span> <span class='ocrx_word' id='word_1_242' title='bbox 325 1947 496 1984; x_wconf 85' lang='lat' dir='ltr'>cellulam</span> <span class='ocrx_word' id='word_1_243' title='bbox 514 1950 749 1998; x_wconf 85' lang='lat' dir='ltr'>vegetativam</span> <span class='ocrx_word' id='word_1_244' title='bbox 767 1950 858 1984; x_wconf 88' lang='lat' dir='ltr'>sistit</span> <span class='ocrx_word' id='word_1_245' title='bbox 876 1949 1090 1999; x_wconf 90' lang='lat' dir='ltr'>simplicem,</span> <span class='ocrx_word' id='word_1_246' title='bbox 1114 1963 1270 2000; x_wconf 90' lang='lat' dir='ltr'>superne</span> <span class='ocrx_word' id='word_1_247' title='bbox 1290 1953 1497 2001; x_wconf 84' lang='lat' dir='ltr'>goniocytio</span> <span class='ocrx_word' id='word_1_248' title='bbox 1514 1954 1622 1987; x_wconf 93' lang='lat' dir='ltr'>unico</span> <span class='ocrx_word' id='word_1_249' title='bbox 1640 1954 1761 1987; x_wconf 89' lang='lat' dir='ltr'>termi-</span> 
     </span>
     <span class='ocr_line' id='line_1_29' title="bbox 191 2011 1758 2065; baseline 0.003 -19"><span class='ocrx_word' id='word_1_250' title='bbox 191 2019 322 2047; x_wconf 87' lang='lat' dir='ltr'>natam.</span> <span class='ocrx_word' id='word_1_251' title='bbox 365 2011 589 2061; x_wconf 90' lang='lat' dir='ltr'>Plerumque</span> <span class='ocrx_word' id='word_1_252' title='bbox 621 2019 739 2047; x_wconf 91' lang='lat' dir='ltr'>autem</span> <span class='ocrx_word' id='word_1_253' title='bbox 768 2019 898 2062; x_wconf 88' lang='lat' dir='ltr'>typum</span> <span class='ocrx_word' id='word_1_254' title='bbox 927 2013 1177 2049; x_wconf 89' lang='lat' dir='ltr'>bicellularem</span> <span class='ocrx_word' id='word_1_255' title='bbox 1201 2016 1310 2063; x_wconf 86' lang='lat' dir='ltr'>magis</span> <span class='ocrx_word' id='word_1_256' title='bbox 1337 2014 1595 2065; x_wconf 90' lang='lat' dir='ltr'>complicatum</span> <span class='ocrx_word' id='word_1_257' title='bbox 1621 2018 1758 2060; x_wconf 89' lang='lat' dir='ltr'>ineunt,</span> 
     </span>
     <span class='ocr_line' id='line_1_30' title="bbox 192 2074 1760 2129; baseline 0.003 -19"><span class='ocrx_word' id='word_1_258' title='bbox 192 2074 322 2111; x_wconf 90' lang='lat' dir='ltr'>cellula</span> <span class='ocrx_word' id='word_1_259' title='bbox 340 2077 537 2124; x_wconf 85' lang='lat' dir='ltr'>vegetativa</span> <span class='ocrx_word' id='word_1_260' title='bbox 555 2077 654 2111; x_wconf 88' lang='lat' dir='ltr'>vario</span> <span class='ocrx_word' id='word_1_261' title='bbox 674 2075 786 2110; x_wconf 93' lang='lat' dir='ltr'>modo</span> <span class='ocrx_word' id='word_1_262' title='bbox 809 2075 1003 2112; x_wconf 87' lang='lat' dir='ltr'>ramificata</span> <span class='ocrx_word' id='word_1_263' title='bbox 1027 2076 1185 2126; x_wconf 90' lang='lat' dir='ltr'>indeque</span> <span class='ocrx_word' id='word_1_264' title='bbox 1205 2077 1354 2113; x_wconf 89' lang='lat' dir='ltr'>cellulas</span> <span class='ocrx_word' id='word_1_265' title='bbox 1373 2077 1659 2114; x_wconf 88' lang='lat' dir='ltr'>fructificatorias</span> <span class='ocrx_word' id='word_1_266' title='bbox 1678 2079 1760 2129; x_wconf 88' lang='lat' dir='ltr'>plu·</span> 
     </span>
     <span class='ocr_line' id='line_1_31' title="bbox 192 2138 1761 2192; baseline 0.003 -19"><span class='ocrx_word' id='word_1_267' title='bbox 192 2151 260 2182; x_wconf 91' lang='lat' dir='ltr'>res,</span> <span class='ocrx_word' id='word_1_268' title='bbox 286 2138 471 2174; x_wconf 92' lang='lat' dir='ltr'>nonnullis</span> <span class='ocrx_word' id='word_1_269' title='bbox 490 2152 559 2189; x_wconf 90' lang='lat' dir='ltr'>pro</span> <span class='ocrx_word' id='word_1_270' title='bbox 580 2138 811 2189; x_wconf 81' lang='lat' dir='ltr'>gonidiorum</span> <span class='ocrx_word' id='word_1_271' title='bbox 831 2147 867 2174; x_wconf 86' lang='lat' dir='ltr'>et</span> <span class='ocrx_word' id='word_1_272' title='bbox 886 2153 1076 2190; x_wconf 87' lang='lat' dir='ltr'>sporarum</span> <span class='ocrx_word' id='word_1_273' title='bbox 1097 2140 1300 2176; x_wconf 86' lang='lat' dir='ltr'>diversitate</span> <span class='ocrx_word' id='word_1_274' title='bbox 1320 2141 1489 2186; x_wconf 87' lang='lat' dir='ltr'>diversas,</span> <span class='ocrx_word' id='word_1_275' title='bbox 1518 2150 1675 2192; x_wconf 86' lang='lat' dir='ltr'>gerente.</span> <span class='ocrx_word' id='word_1_276' title='bbox 1718 2143 1761 2178; x_wconf 93' lang='lat' dir='ltr'>In</span> 
     </span>
     <span class='ocr_line' id='line_1_32' title="bbox 193 2201 1759 2256; baseline 0.003 -19"><span class='ocrx_word' id='word_1_277' title='bbox 193 2201 314 2237; x_wconf 74' lang='lat' dir='ltr'>Codiis</span> <span class='ocrx_word' id='word_1_278' title='bbox 337 2215 430 2237; x_wconf 90' lang='lat' dir='ltr'>unus</span> <span class='ocrx_word' id='word_1_279' title='bbox 456 2210 595 2238; x_wconf 91' lang='lat' dir='ltr'>tantum</span> <span class='ocrx_word' id='word_1_280' title='bbox 622 2202 907 2238; x_wconf 88' lang='lat' dir='ltr'>fructificationis</span> <span class='ocrx_word' id='word_1_281' title='bbox 933 2203 1064 2239; x_wconf 90' lang='lat' dir='ltr'>modus</span> <span class='ocrx_word' id='word_1_282' title='bbox 1092 2203 1251 2253; x_wconf 87' lang='lat' dir='ltr'>(gonidia</span> <span class='ocrx_word' id='word_1_283' title='bbox 1276 2206 1368 2240; x_wconf 88' lang='lat' dir='ltr'>intra</span> <span class='ocrx_word' id='word_1_284' title='bbox 1393 2207 1639 2256; x_wconf 87' lang='lat' dir='ltr'>goniocytium</span> <span class='ocrx_word' id='word_1_285' title='bbox 1663 2210 1759 2253; x_wconf 86' lang='lat' dir='ltr'>nata)</span> 
     </span>
    </p>
   </div>
   <div class='ocr_carea' id='block_1_3' title="bbox 965 2294 1752 2301">
    <p class='ocr_par' dir='ltr' id='par_1_4' title="bbox 965 2294 1752 2301">
     <span class='ocr_line' id='line_1_33' title="bbox 965 2294 1752 2301; baseline 0 0"><span class='ocrx_word' id='word_1_286' title='bbox 965 2294 1752 2301; x_wconf 95' lang='lat' dir='ltr'> </span> 
     </span>
    </p>
   </div>
   <div class='ocr_carea' id='block_1_4' title="bbox 250 2347 1581 2444">
    <p class='ocr_par' dir='ltr' id='par_1_5' title="bbox 250 2347 1581 2444">
     <span class='ocr_line' id='line_1_34' title="bbox 251 2347 1581 2388; baseline 0.003 -13"><span class='ocrx_word' id='word_1_287' title='bbox 251 2347 298 2386; x_wconf 85' lang='lat'>(¹)</span> <span class='ocrx_word' id='word_1_288' title='bbox 331 2347 378 2375; x_wconf 74' lang='lat' dir='ltr'>Sic</span> <span class='ocrx_word' id='word_1_289' title='bbox 400 2347 428 2375; x_wconf 78' lang='lat' dir='ltr'>in</span> <span class='ocrx_word' id='word_1_290' title='bbox 452 2350 634 2385; x_wconf 75' lang='lat' dir='ltr'>Hydrocyliu,</span> <span class='ocrx_word' id='word_1_291' title='bbox 658 2351 781 2380; x_wconf 80' lang='lat' dir='ltr'>Codioln,</span> <span class='ocrx_word' id='word_1_292' title='bbox 804 2352 956 2384; x_wconf 70' lang='lat' dir='ltr'>Clzytridio,</span> <span class='ocrx_word' id='word_1_293' title='bbox 980 2351 1144 2385; x_wconf 74' lang='lat' dir='ltr'>Bryopside,</span> <span class='ocrx_word' id='word_1_294' title='bbox 1167 2351 1304 2386; x_wconf 76' lang='lat' dir='ltr'>Botrydt&#39;o</span> <span class='ocrx_word' id='word_1_295' title='bbox 1327 2356 1356 2379; x_wconf 81' lang='lat' dir='ltr'>et</span> <span class='ocrx_word' id='word_1_296' title='bbox 1377 2353 1581 2388; x_wconf 70' lang='lat' dir='ltr'>Hydrodictyo.</span> 
     </span>
     <span class='ocr_line' id='line_1_35' title="bbox 250 2405 953 2444; baseline 0.001 -10"><span class='ocrx_word' id='word_1_297' title='bbox 250 2405 298 2444; x_wconf 80' lang='lat'>(²)</span> <span class='ocrx_word' id='word_1_298' title='bbox 330 2406 362 2435; x_wconf 79' lang='lat' dir='ltr'>In</span> <span class='ocrx_word' id='word_1_299' title='bbox 387 2409 560 2442; x_wconf 79' lang='lat' dir='ltr'>Cystococco,</span> <span class='ocrx_word' id='word_1_300' title='bbox 583 2410 725 2436; x_wconf 77' lang='lat' dir='ltr'>Char-acio</span> <span class='ocrx_word' id='word_1_301' title='bbox 748 2413 777 2436; x_wconf 89' lang='lat' dir='ltr'>et</span> <span class='ocrx_word' id='word_1_302' title='bbox 798 2410 953 2436; x_wconf 70' lang='lat' dir='ltr'>Pedias-cro.</span> 
     </span>
    </p>
   </div>
   <div class='ocr_carea' id='block_1_5' title="bbox 250 2463 1461 2507">
    <p class='ocr_par' dir='ltr' id='par_1_6' title="bbox 250 2463 1461 2507">
     <span class='ocr_line' id='line_1_36' title="bbox 250 2463 1461 2507; baseline 0.003 -14"><span class='ocrx_word' id='word_1_303' title='bbox 250 2463 297 2504; x_wconf 81' lang='lat'>(³)</span> <span class='ocrx_word' id='word_1_304' title='bbox 331 2464 522 2504; x_wconf 83' lang='lat' dir='ltr'>Comparetur</span> <span class='ocrx_word' id='word_1_305' title='bbox 543 2477 566 2495; x_wconf 84' lang='lat' dir='ltr'>e.</span> <span class='ocrx_word' id='word_1_306' title='bbox 582 2477 624 2507; x_wconf 86' lang='lat' dir='ltr'>gr.</span> <span class='ocrx_word' id='word_1_307' title='bbox 648 2469 822 2495; x_wconf 76' lang='lat' dir='ltr'>Characium</span> <span class='ocrx_word' id='word_1_308' title='bbox 846 2469 879 2494; x_wconf 89' lang='lat' dir='ltr'><em>H</em></span> <span class='ocrx_word' id='word_1_309' title='bbox 871 2471 1029 2505; x_wconf 77' lang='lat' dir='ltr'>ydrocytio,</span> <span class='ocrx_word' id='word_1_310' title='bbox 1054 2471 1234 2496; x_wconf 83' lang='lat' dir='ltr'>Pcdiastrum</span> <span class='ocrx_word' id='word_1_311' title='bbox 1257 2471 1288 2496; x_wconf 86' lang='lat' dir='ltr'><em>H</em></span> <span class='ocrx_word' id='word_1_312' title='bbox 1283 2472 1461 2506; x_wconf 72' lang='lat' dir='ltr'>ydrodictJO.</span> 
     </span>
    </p>
   </div>
  </div>
 </body>
</html>
