2225 3020
1176 232 1223 266 60

424 345 617 375 continentem
643 334 778 377 vidit(¹),
802 349 884 378 quam
906 338 967 367 visu
987 337 1145 378 distingere
1160 337 1228 366 mibi
1242 348 1301 366 non
1322 337 1455 378 contigit,
1481 337 1559 366 cuius
1575 335 1767 366 exsistentiam
1787 345 1855 364 vero
1869 345 1902 364 ex
1918 335 1979 374 ipso

422 402 516 436 partus
536 404 669 432 processu
689 392 836 420 adfirmare
850 390 954 430 potius,
981 400 1062 428 quam
1086 398 1191 428 negare
1210 388 1303 417 velim.
1335 389 1449 417 Etenim
1470 389 1616 427 sequentia
1631 386 1787 416 observavi.
1825 387 1980 425 Postquam

422 444 630 485 microgonidia
646 443 728 472 initio
742 442 846 471 leniter
860 440 1028 476 vacillantia,
1049 450 1115 468 mox
1130 439 1323 468 vehementius
1337 439 1507 479 trepidantia
1520 450 1572 478 per
1588 439 1685 468 horam
1701 438 1844 467 dimidiam
1856 437 1899 465 vel
1909 436 1982 466 ultra

423 502 532 536 partum
552 499 795 534 exspectaverunt,
814 492 937 521 cuticula
947 491 1041 520 subito
1056 490 1199 530 rumpitur
1214 495 1242 518 et
1255 490 1417 519 membrana
1435 490 1552 519 cellulae
1564 489 1723 524 matricalis,
1741 500 1791 528 per
1806 488 1893 517 stadia
1902 498 1983 526 prae-

423 547 552 577 cedentia
567 546 702 581 emollita,
717 546 868 573 incrassata
884 549 911 572 et
926 543 1026 582 passim
1047 541 1310 580 undulato-plicata,
1330 548 1464 580 rupturae
1483 541 1548 570 loco
1565 551 1623 569 non
1643 540 1761 579 amplius
1777 539 1912 578 impedita
1925 544 1981 567 sta-

422 599 473 627 tim
489 598 621 626 dilatatur
635 603 663 625 et
677 597 705 625 in
720 602 855 625 strumam
868 595 933 623 satis
945 604 1074 634 magnam
1091 593 1228 628 evehitur,
1242 603 1295 631 qua
1310 598 1392 631 rupta
1407 592 1684 632 microgonidiorum
1700 590 1780 619 turba
1793 601 1807 619 a
1818 596 1924 619 struma
1935 590 1981 618 in-

424 650 499 678 clusa
520 649 704 677 vehementer
724 647 892 686 exploditur,
916 644 1123 684 posterioribus
1144 643 1250 672 tardius
1272 644 1465 681 sequentibus.
1500 642 1712 683 Microgonidia
1734 641 1833 670 emissa
1847 651 1983 670 nonnun-

422 711 505 739 quam
520 700 613 728 statim
630 699 809 738 dissipantur,
836 696 945 736 saepius
964 706 1033 724 vero
1047 705 1137 734 prope
1156 694 1190 723 ab
1206 705 1256 722 ore
1269 701 1393 723 strumae
1408 695 1547 733 collapsae
1565 694 1592 722 in
1607 692 1797 734 glomerulum
1813 702 1983 721 coacervan-

424 757 480 788 tur,
491 751 586 790 paullo
602 756 666 790 post
680 750 824 788 diruptum
840 754 868 776 et
882 747 1047 786 dispersum.
1062 747 1117 774 Hic
1134 745 1309 786 glomerulus
1324 745 1487 774 membrana
1502 745 1630 784 quadam,
1651 750 1682 772 ut
1697 744 1808 773 videtur
1822 743 1985 771 tenuissima

424 809 453 832 et
468 802 642 838 mollissima⁷
657 801 717 830 sine
733 800 818 828 dubio
834 798 1008 833 continetur,
1032 808 1114 836 quam
1132 796 1263 836 equidem
1280 796 1455 836 distinguere
1470 796 1594 835 nequivi⁷
1609 806 1623 824 e
1639 794 1830 834 descriptione
1846 799 1873 822 et
1887 793 1984 834 figuris

425 854 460 883 cl.
477 853 560 883 Cohn
579 864 647 882 vero
663 858 767 881 certam
788 849 888 878 habeo.
916 849 997 877 Hanc
1018 848 1139 877 vesicam
1163 848 1197 876 cl.
1215 847 1298 876 Cohn
1321 847 1473 876 utriculum
1495 846 1707 886 primordialem
1724 845 1840 875 cellulae
1855 845 1986 873 matrica-

425 905 458 934 lis
477 905 580 944 potius,
603 914 683 943 quam
705 900 916 941 cytiodermatis
938 905 1059 928 stratum
1087 899 1272 928 novissimum
1292 904 1320 927 et
1339 899 1470 927 intimum
1492 909 1551 927 esse
1572 898 1729 933 contendit,
1757 907 1810 936 qua
1837 901 1929 924 autem
1952 895 1987 924 de

425 966 456 985 re
478 956 523 985 vix
544 954 703 994 disputandi
722 953 800 981 locus
821 957 879 987 est,
903 962 988 990 quum
1012 950 1166 986 utriculus,
1187 961 1270 989 quem
1296 949 1508 988 primordialem
1534 955 1652 984 vocant,
1678 959 1709 977 ex
1730 946 1930 976 observatione
1951 945 1986 974 cl.

424 1008 448 1036 P
458 1007 510 1036 rin
521 1018 556 1046 gs
567 1006 583 1034 h
594 1006 660 1034 eim
671 999 719 1042 (²)
733 1009 851 1032 stratum
867 1002 1086 1042 cytioplasmatis
1103 1001 1131 1030 in
1147 1001 1234 1040 ipsam
1247 1001 1363 1030 cellulae
1375 1001 1566 1030 membranam
1582 1000 1723 1029 abiturum
1734 1000 1834 1027 sistere
1848 998 1987 1026 videatur.

426 1056 616 1098 Hydrodictyi
630 1061 747 1084 stratum
762 1065 909 1083 mucosum
923 1054 1052 1089 exterius,
1072 1052 1149 1092 quod
1165 1052 1277 1081 utriculi
1293 1052 1481 1091 primordialis
1498 1052 1613 1080 nomine
1633 1050 1768 1089 descripsi
1780 1044 1839 1087 (³),
1855 1048 1988 1089 gonidio-

426 1121 487 1138 rum
500 1108 670 1137 formatione
686 1117 744 1134 non
760 1105 899 1141 consumi,
913 1104 961 1133 sed
978 1104 1137 1143 persistere,
1153 1103 1399 1132 observationibus
1414 1102 1541 1141 analogis
1557 1103 1590 1130 de
1605 1101 1663 1130 aliis
1683 1101 1819 1141 Algarum
1833 1099 1987 1140 generibus

426 1159 588 1190 confirmari
604 1159 724 1186 videtur.
741 1158 773 1185 In
785 1160 1029 1192 Craterospermo,
1043 1156 1240 1195 Zygnemacea
1255 1156 1342 1190 nova(
1351 1148 1389 1190 ⁴),
1399 1153 1551 1182 utriculum
1562 1152 1772 1192 primordialem
1784 1151 1811 1179 in
1823 1150 1929 1179 cellulis
1940 1161 1988 1179 co-

425 1211 526 1251 pulatis
537 1209 717 1249 superstitem
730 1208 981 1242 evidentissimum,
990 1206 1170 1235 membranae
1178 1205 1295 1234 cellulae
1307 1211 1455 1233 evacuatae
1463 1210 1539 1232 arcte
1547 1204 1756 1238 adhaerentem,
1765 1202 1836 1231 acidi
1850 1201 1989 1230 muriatici

426 1262 505 1291 diluti
518 1272 572 1300 ope
583 1261 694 1289 demum
706 1259 829 1288 solutum
845 1264 872 1287 et
882 1258 994 1287 modice
1009 1263 1198 1292 contractum,
1212 1256 1337 1296 granulis
1353 1255 1480 1295 pluribus
1490 1255 1607 1292 (oleosis
1618 1255 1644 1290 ?)
1654 1254 1817 1293 adspersum
1832 1251 1989 1281 observavi.

426 1314 587 1342 Utricnlum
598 1311 808 1351 primordialem
820 1310 912 1338 minus
924 1315 1133 1344 conservatum,
1145 1308 1235 1347 magis
1248 1308 1376 1336 minusve
1385 1306 1551 1335 dissolutum
1566 1306 1593 1334 in
1607 1303 1713 1334 cellulis
1723 1304 1768 1334 vel
1777 1304 1934 1343 sporiferis,
1946 1302 1990 1331 vel

425 1375 573 1404 sperarum
588 1363 759 1391 formatione
782 1361 921 1389 evacuatis
935 1360 1051 1388 aliarum
1067 1370 1180 1398 quoque
1195 1358 1466 1398 Zygnemacearum,
1486 1368 1501 1386 e
1516 1368 1558 1397 gr.
1573 1360 1763 1392 Pleurocarpi
1782 1359 1920 1383 mirabilis
1932 1348 1992 1392 (ξ’),

502 1481 550 1524 (¹)
578 1484 662 1513 Cohn
677 1483 694 1511 l.
711 1494 733 1511 c.
750 1494 777 1522 p.
795 1487 841 1511 122
874 1487 923 1510 222
944 1503 952 1518 ‚
966 1486 986 1509 t.
1006 1486 1045 1517 19,
1070 1480 1088 1509 f.
1108 1487 1148 1509 ιι.
1168 1485 1209 1508 12.
1225 1477 1493 1517 („Gallerlblase”).

502 1544 550 1588 (²)
579 1547 843 1586 Untersucliungen
856 1545 926 1573 iiber
942 1545 997 1573 den
1014 1544 1073 1572 Bau
1088 1543 1145 1571 und
1159 1542 1203 1571 die
1220 1542 1347 1582 Bildung
1365 1541 1415 1570 der
1429 1540 1650 1569 Pssanzenzelle.
1668 1540 1748 1569 1854.

502 1607 550 1650 (³)
577 1611 718 1650 Verjiing.
734 1621 760 1649 p.
777 1615 837 1639 182.

504 1671 554 1717 (“)
583 1675 932 1712 Craterospermum.
966 1671 1026 1699 Fila
1042 1669 1189 1709 simplicia,
1211 1669 1334 1707 denique
1358 1667 1542 1708 geniculatim
1563 1666 1725 1706 coniugata.
1756 1664 1884 1695 Cellulae
1908 1664 1991 1693 holo-

403 1735 405 1738 ’
427 1726 664 1768 plasnmticae(?),
688 1724 843 1753 substantia
862 1723 944 1752 viridi
960 1722 1057 1757 effusa,
1077 1720 1247 1761 cytioblasto
1263 1719 1391 1755 centrali‚
1410 1718 1533 1759 globulis
1553 1717 1701 1757 amylaceis
1717 1717 1851 1755 utrinque
1866 1715 1993 1755 pluribus

428 1779 540 1818 sparsis.
577 1778 670 1816 Spora
693 1777 766 1804 intra
789 1775 919 1804 tubulum
947 1773 1162 1802 coniunctivum
1185 1771 1392 1806 brevissimum,
1413 1780 1546 1804 crassum,
1565 1768 1661 1797 medio
1675 1767 1918 1797 subconstrictum
1934 1766 1992 1795 for-

429 1836 512 1866 mata,
527 1829 742 1868 sporodermate
757 1826 878 1865 duplici:
898 1825 1038 1854 exteriore
1058 1823 1217 1863 cylindrum
1232 1821 1464 1860 subquadratum,
1487 1820 1582 1849 medio
1597 1819 1848 1854 subconstrictum,
1871 1823 1993 1856 utroque

430 1882 485 1910 fine
501 1880 619 1919 copulae
635 1879 722 1907 instar
737 1883 898 1907 excavatum
914 1876 1047 1909 sistente;
1075 1874 1212 1903 interiore
1237 1878 1332 1902 exacte
1353 1871 1485 1912 globoso.
1519 1871 1633 1908 (Genus
1655 1873 1877 1905 Staurospermo
1896 1868 1992 1908 proxi-

430 1944 518 1968 mum,
543 1942 557 1959 a
575 1934 743 1965 Mesomrpo
760 1934 872 1967 praeter
886 1937 987 1966 sporae
1002 1926 1120 1954 sormam
1139 1924 1240 1953 tubulo
1263 1924 1448 1952 coniunctivo
1469 1922 1563 1951 medio
1578 1921 1798 1957 subconstricto,
1826 1931 1879 1948 nec
1892 1920 1993 1948 inssato

431 1983 622 2019 distinctum).
664 1980 698 2009 C.
719 1979 952 2008 laetevirens.
979 1978 1101 2013 Natans,
1129 1976 1227 2005 colore
1248 1975 1398 2004 laetissime
1422 1973 1612 2009 ssavo-viridi,
1638 1972 1764 2001 siccitate
1791 1970 1991 2010 (Mougeotiae

1157 2022 1231 2049 me.
1247 2037 1347 2062 crassa,
1362 2025 1470 2054 cellulis
1485 2025 1623 2053 diametro
1638 2029 1653 2052 3
1665 2040 1700 2047 —
1711 2022 1778 2061 6plo
1802 2021 1993 2062 longioribus.

432 2085 552 2115 Globuli
571 2083 706 2123 amylacei
727 2082 755 2110 in
776 2081 895 2121 singulis
917 2079 1024 2108 cellulis
1051 2085 1081 2108 10
1096 2097 1134 2101 —
1150 2051 1192 2107 33.
1234 2077 1344 2117 Sporae
1364 2076 1447 2105 initio
1470 2076 1582 2112 virides,
1609 2085 1674 2103 mox
1694 2073 1852 2109 olivaceae‚
1880 2073 1993 2101 demum

430 2035 597 2075 genuflexae
617 2034 710 2067 more)
724 2030 962 2059 subfuscescente.
992 2028 1051 2056 Fila
1066 2024 1142 2072 423—

430 2137 637 2168 suscescentes;
659 2133 845 2172 sporoderma
861 2137 1007 2160 externum
1028 2130 1124 2159 colore
1139 2129 1267 2158 olivaceo
1282 2129 1412 2157 tinctum.
1431 2127 1565 2167 Friburgi
1580 2124 1746 2165 Brisgoviae
1765 2125 1794 2153 in
1813 2123 1920 2164 stagnis
1935 2123 1993 2162 pla-

431 2188 511 2217 nitiei
526 2187 679 2215 Rhenanae
694 2184 767 2213 Iulio
786 2190 851 2213 1850
867 2183 980 2211 lectum.

508 2244 556 2288 (ὁ)
582 2249 868 2286 Pleurocarpus.
909 2245 969 2274 Fila
984 2244 1130 2284 simplicia.
1152 2243 1278 2273 Cellulae
1298 2240 1607 2281 holoplasmaticae(?),
1625 2239 1780 2268 substantia
1797 2238 1882 2267 viridi
1897 2238 1993 2274 effusa,

433 2301 602 2341 cytioblasto
619 2299 736 2329 centrali
756 2304 784 2327 et
802 2297 925 2338 globulis
944 2296 1092 2336 amylaceis
1112 2296 1241 2334 utrinqus
1258 2300 1332 2323 1—2
1348 2293 1511 2328 instructae,
1536 2291 1659 2329 denique
1675 2290 1797 2319 eiusdem
1813 2289 1852 2318 fili
1871 2289 1946 2318 inter
1964 2299 1994 2318 se

434 2353 580 2391 copulatae
605 2362 659 2390 ope
687 2349 776 2379 tubuli
804 2349 967 2377 cellularum
982 2347 1137 2376 vicinarum
1158 2346 1348 2375 extremitates
1375 2350 1489 2372 externe
1504 2341 1715 2381 coniungentis,
1736 2340 1851 2376 arcuati,
1873 2340 1991 2379 dissepi-

433 2409 530 2432 mento
546 2402 699 2431 lateraliter
713 2401 847 2440 adpressi,
862 2398 987 2439 geniculi
1002 2404 1141 2426 tumorem
1159 2396 1301 2425 lateralem
1323 2393 1571 2434 repraesentantis.
1608 2392 1701 2432 Spora
1722 2391 1895 2432 subglobosa
1919 2390 1993 2419 intra

434 2454 562 2482 tubulum
584 2453 797 2482 coniunctivum
819 2451 940 2490 indeque
960 2449 1037 2489 quasi
1053 2448 1181 2477 lateralis.
1211 2447 1378 2487 (Subgenus
1393 2448 1581 2480 Moageolt'ne,
1596 2447 1764 2479 Mesocarpo
1786 2442 1993 2477 coordinatum,

434 2508 682 2542 Rhyrzchonemali
703 2504 777 2532 inter
795 2505 969 2539 Spirogyras
985 2500 1163 2540 analogum).
1200 2498 1247 2527 Pl.
1263 2496 1455 2527 mirabilis.
1484 2495 1603 2524 Habitus
1617 2497 1798 2530 Moageottae
1811 2496 1992 2530 genuflexae.
