2225 3020
983 222 1026 257 31

221 333 251 357 et
269 331 397 357 Uloacei's
418 329 492 357 inter
508 327 594 368 Algas
610 327 840 357 multicellulares
861 329 1026 367 respondet.
1049 333 1234 366 Cystococcus
1249 326 1389 371 N5g.(¹)‚
1406 331 1590 372 gonidiorum
1605 332 1703 372 genesi
1719 343 1781 360 cum

223 378 364 408 Characio
384 379 511 418 proxime
531 378 723 415 conveniens,
748 379 781 408 ab
802 379 901 407 eodem
929 380 1040 416 dissert,
1068 381 1307 419 quemadmodum
1328 382 1522 411 Protococcus
1541 382 1574 411 ab
1593 383 1783 422 HydrocytiO,

220 430 239 458 i.
259 441 283 459 e.
304 430 402 459 cellula
422 430 519 465 libera,
538 429 666 469 globosa.
694 433 902 467 Ophiocytium,
922 442 935 459 a
955 431 1078 471 Niigelio
1104 431 1267 460 dubitanter
1287 431 1448 462 Characieis
1467 434 1650 472 adscriptum,
1669 433 1783 474 longius

220 481 325 510 distare
349 481 477 514 videtur,
509 480 622 509 Sciadio
648 486 727 509 certo
752 481 924 520 proximum.
972 485 1137 519 Apiocysli‘s
1163 482 1328 510 cellularum
1360 483 1529 512 interiorum
1551 484 1783 524 generationibus

219 532 352 561 omnibus
372 531 494 560 evolutis
516 531 595 560 valde
611 531 707 560 differt
725 538 753 560 et
771 532 968 571 Tetrasporae
983 533 1100 561 accedit.
1138 532 1278 561 Characio
1302 533 1413 562 demum
1434 535 1526 572 quoad
1547 535 1671 564 habitum
1691 541 1782 564 exter-

219 594 285 611 num
306 583 527 621 comparandum
557 588 600 611 est
627 586 780 619 Colacium,
799 583 1033 612 animalculorum
1054 594 1144 623 genus
1167 583 1201 612 ab
1229 583 1429 623 Ebrenbergio
1455 586 1602 614 conditum
1626 593 1655 615 et
1678 586 1784 615 descri-

218 628 364 672 ptum(²)‚
385 633 586 673 Cblorogonio
605 633 704 668 affine,
723 634 770 662 sed
796 634 944 670 adnatum,
963 634 990 662 in
1008 634 1200 674 Cyclopibus,
1220 645 1273 663 nec
1292 645 1351 663 non
1371 635 1399 663 in
1418 635 1575 665 Rotatoriis
1596 638 1784 676 parasiticum,

218 684 297 712 cuius
317 683 404 712 altera
423 684 589 723 praesertim
609 684 726 722 species,
752 685 837 713 oculo
857 685 945 714 rubro
967 685 1102 713 destituta
1121 687 1283 722 (Colacium
1301 688 1505 722 vesiculnsum)
1532 687 1621 716 forma
1641 694 1668 716 et
1685 688 1784 716 colore

219 746 282 763 cum
308 734 453 763 Cbaraciis
477 745 657 774 summopere
681 737 832 772 convenit,
862 736 910 764 sed
936 746 951 764 e
970 735 1163 775 descriptione
1181 737 1288 765 autoris
1314 747 1401 775 aquae
1419 737 1529 765 vortice
1548 738 1576 766 in
1596 739 1674 777 apice
1693 739 1783 767 libero

218 786 349 825 corporis
369 786 491 814 excitato
512 791 538 814 et
562 792 642 814 motu
663 787 791 825 corporis
818 787 904 815 soluti
924 786 1002 815 lento
1028 787 1223 827 Euglenarum
1248 798 1328 816 more
1354 788 1550 816 contractorio
1577 795 1704 818 naturam
1723 790 1783 818 ani-

217 836 328 872 malem,
349 836 493 865 Characiis
513 837 632 865 omnino
651 837 782 873 alienam,
802 837 978 876 comprobat.
998 838 1089 866 Amic.
1104 841 1196 866 Ecloer
1210 849 1224 867 e
1238 838 1376 867 similibus
1387 838 1547 878 Cyclopum
1562 840 1699 877 parasitis,
1714 851 1784 878 quos

217 887 345 916 Basileae
373 887 550 922 observavit,
576 888 819 927 zoogonidiorum
845 888 941 917 turbas
968 889 1123 927 provenire
1150 889 1238 924 vidit,
1266 900 1318 928 qua
1343 900 1374 918 re
1393 890 1484 918 maior
1503 890 1587 919 etiam
1609 890 1738 919 Cbaracii
1757 897 1785 919 et

218 938 329 967 Colacii
348 938 505 966 similitudo
526 938 657 974 efficitur,
675 939 724 967 sed
743 950 849 979 genera
868 939 991 968 identica
1011 950 1071 968 esse
1093 939 1209 969 minime
1228 940 1375 979 probatur,
1395 952 1482 980 quum
1501 941 1662 970 huiusmodi
1682 951 1784 980 propa-

217 990 295 1030 gatio
315 995 342 1018 et
357 990 385 1018 in
404 990 486 1017 variis
505 989 680 1018 animalculis
697 990 854 1026 infusoriis,
873 990 1002 1029 inprimis
1021 993 1185 1023 Vorticella,
1207 994 1343 1027 Colpoda,
1357 995 1487 1027 Euglena
1501 998 1530 1020 et
1540 986 1785 1029 Chlorogonio(³)

217 1040 364 1069 observata
389 1040 434 1069 sit.
479 1040 550 1068 Mihi
576 1051 667 1079 neque
688 1040 803 1070 Colacia
827 1052 920 1080 neque
941 1041 1079 1070 Characia
1102 1042 1130 1070 in
1150 1043 1377 1071 Entomostracis
1402 1048 1430 1071 et
1450 1043 1610 1072 Rotatoriis
1637 1043 1785 1081 parasitica

216 1091 361 1130 hucusque
379 1091 530 1120 observare
550 1092 689 1132 contigit,
710 1092 846 1121 Cbaracia
862 1093 936 1121 enim
958 1093 1124 1132 plerumque
1145 1092 1421 1122 Converfoidearum
1441 1094 1503 1129 filis,
1517 1094 1607 1122 rarius
1626 1094 1784 1133 plantarum

216 1143 491 1182 phanerogamarum
518 1142 592 1171 foliis
617 1142 660 1171 vel
688 1143 828 1171 radicibus
848 1143 1018 1178 submersis,
1044 1144 1146 1172 muscis
1172 1145 1307 1183 aquaticis
1333 1150 1361 1173 et
1386 1156 1518 1173 vasorum
1542 1144 1697 1184 parietibus
1717 1145 1785 1173 insi-

216 1194 312 1223 dentia
327 1193 393 1221 vidi.
423 1193 664 1233 Oedogoniorum
685 1194 728 1222 fila
749 1205 815 1233 prae
835 1194 950 1233 reliquis
970 1205 984 1222 a
1004 1194 1148 1223 Characiis
1168 1190 1392 1235 diliguntur(‘³)‚
1411 1196 1444 1224 ab
1461 1196 1550 1234 iisque
1566 1196 1652 1224 dense
1671 1196 1784 1225 obsessa

216 1245 305 1284 spinis
325 1244 368 1272 vel
388 1244 456 1283 palis
472 1245 550 1283 quasi
566 1244 694 1280 horrent,
713 1245 789 1274 unde
806 1256 909 1274 nomen
930 1246 1054 1285 generis,
1073 1257 1086 1274 a
1105 1257 1176 1274 voce
1194 1237 1313 1292 χάραξ
1332 1246 1440 1285 (palus)
1460 1247 1628 1275 derivatum.

295 1295 425 1324 Cliaracii
444 1306 533 1335 genus
549 1296 650 1334 ipsum,
669 1296 691 1323 si
708 1297 835 1324 omnium
854 1297 1013 1334 specierum
1034 1297 1215 1325 fructificatio
1232 1297 1401 1333 innotuerit,
1426 1298 1453 1326 in
1473 1304 1619 1336 posterum
1645 1298 1720 1326 forte
1743 1297 1785 1326 di-

215 1346 368 1375 videndum
389 1346 450 1374 erit.
484 1347 517 1374 In
547 1346 695 1384 speciebus
715 1347 826 1386 typicis,
848 1350 896 1375 Ch.
913 1350 1046 1379 Se'eboldi,
1068 1356 1193 1382 angusto
1214 1354 1242 1376 et
1260 1351 1382 1383 Niigelii,
1408 1359 1556 1387 processus
1576 1349 1723 1377 divisionis
1743 1349 1786 1377 in-

216 1404 313 1426 ternae
334 1397 385 1425 iam
407 1402 471 1425 ante
490 1397 648 1436 perfectum
666 1397 783 1426 cellulae
799 1398 1006 1426 incrementum
1026 1398 1136 1436 incipit,
1157 1399 1185 1427 in
1202 1402 1250 1427 Ch.
1264 1404 1374 1432 stricto,
1395 1404 1494 1427 obtuso
1511 1406 1538 1428 et
1552 1404 1784 1435 ornithocephalo

215 1448 395 1477 incremento
415 1448 577 1487 vegetativo
598 1448 710 1486 penitus
728 1448 875 1482 absolut03
895 1449 923 1477 in
946 1452 992 1476 Ch.
1009 1451 1136 1478 Sieboldi
1153 1449 1276 1488 plurium
1293 1450 1402 1478 dierum
1422 1450 1583 1487 intervallo,
1602 1451 1630 1479 in
1650 1454 1698 1478 Ch.
1717 1455 1785 1478 ,τιν-ι’-

215 1508 260 1527 cto
279 1499 363 1528 unica
383 1504 467 1527 nocte
486 1499 641 1538 perficitur.
661 1499 778 1538 Species
797 1499 919 1539 typicae,
934 1510 1022 1538 aeque
1037 1511 1068 1529 ac
1089 1503 1135 1528 Clz.
1155 1505 1288 1529 strictum
1317 1507 1345 1530 et
1363 1505 1487 1538 gibbum,
1509 1502 1597 1530 latere
1616 1501 1785 1541 plerumque

291 1684 339 1725 (¹)
369 1691 555 1724 Cystococcus
570 1692 714 1716 humicola
731 1689 805 1728 Nag.
827 1689 900 1717 einz.
920 1688 1014 1729 Algen
1035 1700 1062 1728 p.
1079 1690 1121 1718 Sll.
1141 1695 1160 1718 t.
1181 1690 1234 1719 III.
1252 1691 1285 1719 E.

291 1745 339 1788 (²)
368 1749 495 1778 Ehrenb.
515 1749 603 1778 Infus.
623 1761 650 1788 p.
674 1751 730 1778 ulla.
755 1757 811 1779 115.
831 1756 850 1778 t.
867 1757 891 1779 8.
912 1751 930 1779 s.
952 1759 971 1779 l.
992 1758 1016 1780 ¹2.
1037 1757 1056 1779 t.
1066 1758 1109 1780 52.
1129 1751 1148 1781 f.
1163 1757 1188 1780 2.

291 1807 340 1849 (³)
367 1812 412 1840 De
440 1814 610 1840 Vorticellae
637 1816 840 1840 microstomae
864 1813 1072 1853 propagatione
1097 1814 1261 1842 conferatur
1278 1817 1374 1850 Stein,
1398 1815 1444 1844 die
1464 1815 1628 1844 Infusorien
1644 1816 1694 1844 auf
1714 1817 1786 1845 Ent-

215 1862 471 1903 wicklungsgesch.
500 1862 666 1891 untersucht
688 1863 787 1899 (1854)
811 1875 838 1902 p.
864 1864 919 1895 ¹94.
940 1870 959 1891 t.
977 1864 1000 1892 4,
1022 1863 1039 1892 f.
1058 1870 1112 1899 53,
1141 1865 1174 1893 de
1200 1869 1327 1902 Colpoda
1358 1869 1471 1894 Cucullo
1490 1866 1558 1895 ibid.
1576 1878 1602 1906 p.
1624 1873 1666 1896 21.
1686 1872 1705 1895 t.
1721 1873 1746 1896 3.
1766 1867 1784 1895 f.

217 1921 343 1948 12—30;
358 1914 392 1942 «le
412 1917 540 1948 Euglena
559 1917 646 1942 viridi
663 1915 768 1953 (cystas
788 1914 940 1950 formante,
960 1915 1033 1943 intra
1052 1926 1119 1953 quas
1138 1921 1186 1944 aut
1205 1917 1429 1957 macrogonidia,
1447 1923 1495 1945 aut
1509 1918 1719 1958 microgonidia
1735 1929 1784 1958 ge-

215 1966 366 2000 nerantur)
390 1968 475 1996 Colm,
496 1965 616 2004 Naturg.
638 1965 685 1993 des
702 1965 958 1994 Chlamidococcus
977 1966 1106 2004 pluvialis
1126 1966 1154 1995 in
1174 1973 1226 1995 act.
1248 1973 1304 1996 nat.
1324 1978 1380 1996 cur.
1403 1973 1445 1996 22.
1461 1973 1486 1996 2.
1507 1970 1606 2006 (1950)
1627 1970 1730 2008 μῖᾶάς
1750 1969 1784 1998 de

219 2020 408 2051 Chlorogom'a
428 2020 560 2044 memoro
586 2015 708 2054 denique
733 2019 846 2044 Weisse
865 2017 892 2045 in
912 2017 1095 2057 Wiegmann
1116 2018 1288 2055 (Erichson)
1315 2018 1424 2047 Archiv
1453 2020 1485 2048 lli
1510 2020 1610 2057 (1848)
1630 2032 1656 2059 p.
1672 2022 1704 2048 65
1726 2026 1744 2048 t.
1759 2026 1783 2049 5.

217 2074 245 2096 et
257 2070 336 2096 Stei'n
356 2067 373 2095 l.
390 2078 412 2095 c.
432 2078 458 2105 p.
483 2074 538 2095 188.
559 2067 718 2095 Numerosa
734 2067 927 2107 Chlorogonii
948 2068 1041 2107 proles
1061 2069 1152 2107 quoad
1173 2075 1266 2098 ortum
1287 2075 1315 2098 et
1334 2076 1455 2108 partum,
1475 2070 1594 2099 sormam
1614 2077 1641 2099 et
1656 2071 1782 2099 colorem

216 2129 279 2147 cum
290 2117 419 2147 Characii
435 2117 616 2157 zoogonidiis
629 2118 730 2146 mirum
745 2118 772 2146 in
785 2119 901 2147 modum
917 2119 1062 2147 convenit.
1081 2119 1174 2148 Simili
1187 2121 1284 2156 modo,
1298 2131 1329 2149 ac
1344 2122 1371 2150 in
1387 2120 1536 2158 Characio‚
1552 2122 1691 2150 divisione
1700 2132 1784 2161 repe-

215 2170 266 2198 tita
285 2169 506 2208 cytioplasmatis
525 2168 641 2197 formari
655 2169 767 2198 videtur
787 2175 815 2198 et
830 2181 861 2198 ex
881 2169 1081 2199 observatione
1100 2171 1135 2199 cl.
1155 2171 1238 2199 Steiu
1257 2171 1335 2201 horis
1354 2172 1498 2201 matutinis
1517 2184 1630 2211 quoque
1650 2173 1783 2202 nascitur.

293 2227 340 2268 (⁴)
370 2230 542 2270 Oedogonia
571 2231 649 2259 omni
668 2231 845 2271 vegetationi
874 2231 1038 2270 parasiticae
1053 2243 1141 2271 aeque
1159 2243 1190 2261 ac
1210 2233 1336 2272 ipsorum
1356 2234 1431 2273 proli
1450 2234 1542 2263 solum
1563 2235 1683 2264 maxime
1702 2246 1783 2265 acce-

217 2288 296 2322 ptum
311 2281 458 2320 praebent.
499 2284 675 2310 Vaucherius
695 2282 761 2311 hinc
780 2283 809 2311 in
825 2293 952 2311 errorem
972 2282 1104 2312 inductus
1128 2283 1181 2312 hoc
1201 2294 1301 2324 genus,
1321 2286 1397 2324 quod
1424 2288 1587 2322 Proliserae
1606 2287 1723 2315 nomine
1742 2286 1783 2315 di-

216 2333 328 2367 stinxit,
352 2331 434 2370 prole
453 2342 468 2360 e
487 2332 594 2361 cellulis
621 2339 773 2362 enascente
796 2334 949 2374 propagari
969 2334 1101 2373 opinatus
1120 2340 1170 2363 est.
1212 2335 1363 2364 Vaucherii
1382 2337 1512 2365 mendam
1538 2337 1644 2375 primus
1663 2340 1742 2366 Le'on
1758 2343 1783 2366 le

219 2387 298 2412 (Σίρι-ε
317 2381 418 2422 (mem.
438 2382 474 2410 du
493 2383 619 2412 museum
639 2384 692 2412 III.
716 2389 792 2416 1817.
812 2396 838 2423 p.
858 2385 925 2421 462)
944 2386 1077 2414 correxit.
1114 2385 1308 2425 Corpuscula‚
1335 2398 1406 2425 quae
1424 2388 1452 2415 in
1479 2387 1590 2416 tabulae
1609 2395 1652 2418 23.
1673 2389 1691 2418 f.
1708 2390 1732 2418 li.
1749 2388 1783 2418 C.

215 2435 263 2464 filo
282 2436 445 2470 Proliserae
467 2436 619 2463 Vaucherii
633 2435 786 2464 insidentia
800 2435 964 2473 delineavit,
984 2435 1115 2465 Cbaracii
1128 2437 1262 2476 speciem,
1281 2437 1356 2466 forte
1376 2437 1428 2467 Ch.
1449 2438 1598 2476 minutum,
1617 2450 1782 2479 repraesen—

215 2491 277 2515 tare
295 2485 433 2524 suspicor.
