2225 3020
981 226 1028 263 59

226 335 315 364 larum
331 346 351 364 s.
367 335 523 364 areolarum
539 334 749 374 polygonarum
765 333 900 362 lateribus
915 334 1120 373 respondentes
1136 345 1340 374 nonnunquam
1359 336 1453 365 denuo
1474 336 1606 376 intercipi
1631 343 1660 366 et
1677 337 1706 366 in
1722 337 1779 366 cel-

226 385 295 415 lulas
310 386 376 415 duas
393 386 470 415 abire
484 381 532 422 (¹)
558 385 680 420 admisit,
712 395 765 423 qua
781 385 809 413 in
824 395 854 413 re
871 384 1088 414 luculentiorem
1105 386 1294 426 Hydrodictyi
1316 397 1378 415 cum
1401 387 1602 417 Conservaceis
1621 388 1778 428 analogiam

226 437 422 466 demonstrare
436 436 488 465 sibi
505 436 578 465 visus
594 441 644 465 est.
659 435 795 464 Proiecto
813 435 969 464 areolarum
986 436 1071 465 latera
1083 437 1176 465 medio
1191 437 1336 465 articulata
1351 437 1366 465 i.
1379 448 1402 466 e.
1417 448 1431 466 e
1447 438 1553 467 cellulis
1569 439 1642 468 binis
1657 439 1780 469 conflata

225 487 297 517 haud
313 498 377 517 raro
392 487 588 522 observantur,
602 486 659 515 imo
675 486 702 515 in
718 486 843 516 reticulis
862 487 1025 525 quibusdam
1045 487 1190 522 anomalis,
1205 487 1290 516 laxius
1302 493 1330 516 et
1344 488 1435 516 minus
1450 489 1619 529 regulariter
1633 490 1781 528 contextis,

224 538 315 577 qualia
330 549 345 567 e
361 538 468 566 cellulis
488 537 679 567 matricalibus
694 537 879 566 debilioribus
894 538 1106 577 cytioplasmate
1121 538 1203 566 viridi
1218 537 1352 566 lacunoso
1372 538 1518 568 instructis
1536 541 1679 576 oriuntur,
1700 551 1781 571 areo-

225 589 267 619 lae
285 600 306 618 s.
331 588 446 618 lacunae
472 589 593 617 maiores
620 588 818 627 reperiuntur,
845 600 962 627 quarum
985 589 1071 617 latera
1089 588 1251 627 saepissime
1274 588 1381 617 cellulis
1400 588 1484 625 binis,
1506 592 1594 620 ternis
1616 591 1782 631 pluribusve

224 640 381 679 composita
397 645 470 668 suut.
497 639 537 668 At
550 639 744 668 huiuscemodi
764 640 940 668 constructio
962 640 1078 668 minime
1100 639 1263 668 cellularum
1278 639 1445 669 divisionem
1460 641 1574 677 indicat,
1591 643 1696 682 quippe
1710 654 1781 682 quae

223 690 433 719 evidentissime
448 691 631 731 gonidiorum
648 690 855 719 coniunctione
871 691 935 720 hinc
951 690 1016 719 inde
1031 690 1139 719 binaria
1154 696 1182 719 et
1195 690 1364 729 simpliciter
1378 691 1479 719 seriata
1495 691 1624 729 efficitur,
1647 699 1677 722 ut
1693 694 1720 722 in
1736 705 1780 722 re-

223 741 316 771 ticulis
332 742 484 771 novissime
499 741 627 770 formatis
643 742 751 780 optime
767 736 942 779 videbis(²).
990 740 1141 770 Anomalia
1162 741 1250 781 magis
1272 741 1355 770 etiam
1370 741 1531 781 singularis,
1553 744 1630 772 cuius
1645 744 1698 773 hoc
1714 745 1779 774 loco

223 792 399 821 mentionem
415 792 506 822 facere
520 803 534 821 a
552 792 702 831 proposito
715 803 772 821 non
789 792 876 828 abest,
891 792 919 821 in
935 792 1060 821 reticulis
1075 792 1240 831 quibusdam
1255 792 1289 821 ad
1299 793 1488 822 extremitates
1505 793 1596 822 minus
1611 795 1781 834 regulariter

222 843 343 873 evolutis
358 843 494 880 occurrit,
508 843 553 872 fila
567 843 679 872 scilicet
693 854 707 872 e
718 843 839 882 simplici
855 843 1018 872 cellularum
1028 843 1102 872 serie
1119 843 1276 882 composita
1287 854 1318 872 ex
1329 843 1419 872 altero
1435 844 1478 873 vel
1492 849 1614 882 utroque
1629 846 1701 874 sacci
1716 846 1781 882 fine,

221 894 395 923 fimbriarum
415 895 512 930 instar,
531 894 662 933 pendula.
702 895 764 923 Hae
787 894 912 923 fimbriae
926 900 994 923 tunc
1009 895 1151 931 oriuntur,
1169 895 1191 923 si
1205 895 1429 935 macrogonidia,
1456 895 1485 923 in
1507 895 1658 924 reticulum
1675 907 1780 926 novum

222 945 422 985 coniungenda
438 951 466 974 et
483 945 650 974 normaliter
663 945 691 974 in
707 945 867 984 peripheria
882 945 994 974 luminis
1015 951 1043 974 et
1064 955 1154 984 prope
1169 945 1304 984 parietem
1327 946 1471 974 internum
1499 946 1616 975 cellulae
1630 947 1781 976 matricalis

221 1002 342 1032 retenta,
356 996 385 1024 in
401 995 518 1025 cellulae
534 996 710 1025 extremitate
725 1007 739 1025 a
753 996 860 1035 pariete
871 996 1018 1032 recedunt,
1033 996 1135 1035 partim
1151 996 1348 1036 irregulariter
1363 997 1391 1025 in
1408 997 1469 1035 ipso
1486 996 1592 1026 lumine
1607 1004 1782 1034 coacervata,

220 1047 323 1086 partim
342 1047 441 1076 relicta
465 1053 495 1076 et
513 1047 636 1076 seriatim
658 1041 851 1085 eonnexa(³).
891 1046 935 1076 Cl.
958 1048 1078 1076 Morren
1105 1047 1171 1076 alias
1198 1058 1312 1086 quoque
1338 1047 1541 1077 abnormitates
1567 1055 1782 1085 commemorat,

221 1109 292 1137 quae
306 1109 394 1137 pauca
409 1098 563 1127 adnotandi
578 1109 672 1127 ansam
689 1098 756 1126 mihi
776 1098 923 1137 praebent.
952 1098 1091 1127 Cellulam
1110 1104 1305 1137 repraesentat
1323 1098 1511 1127 abbreviatam
1529 1099 1656 1129 etaltera
1672 1106 1781 1129 tantum

220 1149 397 1178 extremitate
411 1149 537 1185 adfixam,
548 1160 630 1188 quam
645 1153 826 1185 atrophicam
836 1144 894 1186 (⁶),
908 1160 923 1178 e
936 1149 1081 1178 contrario
1097 1149 1225 1178 cellulam
1241 1160 1319 1178 ramo
1330 1156 1444 1188 patente
1458 1156 1487 1178 et
1498 1150 1588 1179 libero
1604 1151 1781 1187 instructam,

220 1211 303 1238 quam
316 1204 567 1237 hypertrophicam
578 1194 625 1237 (⁵)
640 1206 732 1229 vocat.
753 1201 837 1229 Prior
850 1200 883 1229 ad
899 1200 1062 1229 cellularum
1077 1211 1167 1240 genus
1183 1201 1316 1239 pertinet,
1331 1201 1406 1239 quod
1422 1201 1450 1229 in
1468 1201 1658 1241 Hydrodictyi
1673 1202 1781 1231 retibus

221 1262 365 1289 nunquam
377 1251 560 1287 desideratur,
575 1257 604 1279 et
618 1251 693 1290 quod
710 1250 872 1280 cellularum
887 1255 1152 1287 appendicularium
1167 1252 1283 1280 nomine
1297 1251 1439 1291 designari
1456 1258 1558 1291 potest.
1574 1253 1688 1281 Etenim
1701 1264 1782 1292 prae-

219 1307 264 1331 ter
279 1301 392 1330 cellulas
406 1302 528 1340 simplici
547 1307 636 1330 strato
660 1302 826 1331 coniunctas
841 1302 969 1341 ipsasque
984 1302 1051 1330 retis
1072 1302 1179 1330 areolas
1206 1302 1360 1331 formantes
1376 1302 1419 1331 vel
1434 1303 1527 1342 potius
1546 1303 1697 1332 limitantes
1712 1304 1782 1333 aliae

219 1363 325 1391 eaeque
346 1353 411 1382 satis
427 1363 594 1381 numerosae
609 1357 769 1381 occurrunt
785 1358 862 1381 extra
877 1358 996 1381 stratum
1015 1352 1193 1381 reticulatum
1214 1353 1409 1382 coniuncturis
1425 1353 1587 1383 cellularum
1603 1354 1711 1383 areolas
1724 1355 1782 1384 for-

218 1403 354 1431 mantium
376 1403 649 1442 perpendiculariter
669 1403 828 1442 impositae,
848 1403 1015 1442 plerumque
1029 1403 1109 1432 valde
1124 1403 1312 1439 abbreviatae,
1333 1404 1459 1440 conicae,
1478 1405 1567 1433 rarius
1583 1405 1784 1444 hemisphaeri-

219 1464 277 1489 cae,
305 1465 375 1492 quae
398 1454 458 1482 sine
486 1454 572 1482 dubio
597 1464 611 1483 e
637 1453 762 1494 gonidiis
783 1454 812 1482 in
838 1460 912 1482 statu
927 1454 1125 1493 trepidationis
1144 1465 1230 1494 super
1243 1455 1418 1493 reliquorum
1442 1455 1557 1494 planum
1581 1457 1781 1485 excedentibus

219 1505 352 1533 oriuntur
366 1511 394 1533 et
408 1505 559 1533 reticulum
575 1505 719 1534 evolutum
735 1511 813 1534 extus
828 1505 947 1544 spinulis
962 1505 1039 1543 quasi
1055 1511 1173 1534 armant.
1215 1505 1341 1534 Cellulae
1356 1518 1500 1543 ramosae,
1521 1518 1638 1545 quarum
1659 1508 1782 1537 mentio-

219 1566 283 1584 nem
299 1555 367 1584 secit
382 1556 414 1584 cl.
431 1556 558 1591 Morren,
585 1555 612 1584 in
628 1555 723 1594 planta
737 1561 895 1594 spontanea
910 1556 1010 1590 rarius,
1038 1555 1066 1584 in
1081 1556 1207 1584 reticulis
1231 1556 1338 1585 cultura
1361 1557 1431 1585 ortis
1447 1563 1476 1585 et
1502 1558 1593 1587 minus
1613 1559 1783 1599 regulariter

219 1606 340 1635 evolutis
357 1606 532 1644 frequentius
552 1606 751 1641 observantur,
780 1606 862 1634 ramis
887 1612 934 1634 aut
956 1606 1063 1642 liberis,
1090 1612 1137 1635 aut
1157 1618 1219 1635 cum
1243 1607 1351 1636 cellulis
1372 1608 1473 1637 vicinis
1495 1610 1782 1639 anastomosantibus.

219 1657 335 1685 Priores
357 1657 523 1696 plerumque
541 1667 648 1685 ramum
665 1657 778 1685 unicum
797 1662 938 1692 exserunt,
952 1663 999 1685 aut
1014 1657 1147 1693 medium,
1161 1664 1209 1685 aut
1223 1658 1395 1687 extremitati
1407 1660 1643 1698 approximatum‚
1666 1661 1783 1690 cellulae

218 1713 322 1736 trunco
338 1714 384 1736 aut
400 1713 489 1743 recto,
503 1713 550 1735 aut
565 1707 731 1736 exsertionis
747 1707 811 1736 loco
826 1707 999 1748 geniculato,
1014 1708 1088 1737 unde
1103 1708 1209 1737 formae
1223 1709 1315 1738 variae
1330 1710 1477 1744 oriuntur;
1499 1711 1587 1739 rarius
1609 1712 1692 1740 ramis
1712 1713 1783 1740 duo-

217 1758 268 1787 bus
296 1759 450 1787 instructae
477 1764 558 1794 sunt,
586 1769 661 1787 nunc
691 1758 816 1794 alternis,
843 1770 918 1787 nunc
935 1759 1081 1788 cruciatim
1104 1759 1251 1798 oppositis.
1277 1760 1472 1789 Posteriorum
1489 1761 1592 1790 formas
1611 1763 1783 1802 principales

217 1815 274 1838 tres
290 1809 447 1845 observavi,
474 1809 642 1848 simpliciter
660 1809 790 1845 furcatas,
818 1810 952 1849 utrinque
976 1809 1095 1839 surcatas
1111 1817 1138 1839 et
1153 1810 1307 1849 aequaliter
1321 1812 1487 1847 triradiatas,
1515 1813 1635 1852 tripodis
1663 1813 1782 1843 formam

218 1867 473 1900 repraesentantes.
510 1860 740 1889 Ramificationes
762 1861 880 1889 maxime
903 1861 1003 1896 varias,
1031 1872 1123 1890 cornu
1138 1862 1215 1890 cervi
1243 1862 1362 1891 sormam
1383 1873 1589 1902 nonnunquam
1609 1864 1782 1894 aemulantes

218 1911 274 1940 vidi
289 1911 317 1940 in
334 1911 525 1951 Hydrodictyi
542 1911 650 1940 cellulis
665 1916 823 1947 eremobiis,
840 1922 957 1950 quarum
973 1911 1027 1941 alio
1044 1912 1108 1941 loco
1124 1913 1299 1942 mentionem
1318 1913 1371 1942 feci
1383 1908 1441 1951 (ὁ).

323 1962 548 1992 Observationes
572 1962 606 1990 cl.
624 1961 724 1992 Cohn
753 1963 788 1991 de
811 1968 893 2001 partu
913 1963 1190 2003 microgonidi0rum
1212 1975 1226 1992 a
1250 1965 1320 1993 meis
1341 1966 1369 1993 in
1397 1976 1432 1993 eo
1454 1965 1608 2005 paullulum
1636 1967 1783 2003 recedunt,

219 2013 295 2052 quod
315 2014 435 2043 vesicam
457 2013 651 2042 tenuissimam
673 2013 870 2054 gelatinosam,
894 2020 987 2043 totum
1016 2015 1295 2055 microgonidiorum
1323 2026 1439 2045 examen
1467 2028 1518 2056 per
1544 2017 1653 2056 aliquot
1672 2024 1783 2057 tempus

295 2173 342 2214 (')
358 2179 473 2207 Morren
492 2178 509 2207 l.
525 2189 549 2207 c.
565 2178 612 2218 fig.
629 2184 659 2207 31
677 2178 837 2216 („filament
852 2178 982 2217 divise'”).

293 2235 343 2278 (Ξ)
369 2240 455 2269 Conf.
471 2241 554 2270 Cohn
575 2242 592 2270 l.
609 2253 632 2271 c.
648 2242 705 2271 tab.
722 2248 763 2278 19,
785 2242 803 2271 f.
822 2250 846 2271 s.

294 2298 342 2342 (³)
370 2304 474 2344 FIgura
493 2305 526 2334 cl.
547 2305 631 2334 Cohn
650 2316 733 2345 supra
748 2306 830 2334 citata
845 2306 891 2334 fila
906 2306 1135 2345 appendicularia
1153 2306 1206 2335 hoc
1221 2306 1308 2335 modo
1322 2313 1384 2336 orta
1400 2307 1537 2336 nonnulla
1552 2315 1754 2347 repraesentat.
1776 2314 1781 2323 ’
1797 2292 1801 2297 ·

294 2363 342 2406 (⁴)
369 2368 487 2396 Morren
501 2368 518 2396 l.
534 2379 557 2397 c.
571 2369 619 2409 fig.
637 2375 667 2398 13
685 2367 847 2412 (,‚filament
862 2369 1085 2410 teratologique,
1099 2370 1238 2410 atrophie'‚
1253 2370 1452 2409 renisorme⁷').
1776 2360 1778 2363 .

295 2425 346 2472 (⁵)
372 2431 444 2460 Ibid.
459 2431 507 2471 fig.
525 2437 566 2461 12.

295 2486 343 2530 (⁶)
373 2491 512 2531 Verjiing.
526 2502 555 2530 p.
568 2493 631 2528 28'1,
641 2491 669 2521 in
683 2498 751 2521 nota
764 2493 998 2531 („Einsiedler”).

1436 2551 1470 2587 H
1483 2553 1504 2587 <2
