<?xml version="1.0" encoding="UTF-8"?>
<!DOCTYPE html PUBLIC "-//W3C//DTD XHTML 1.0 Transitional//EN"
    "http://www.w3.org/TR/xhtml1/DTD/xhtml1-transitional.dtd">
<html xmlns="http://www.w3.org/1999/xhtml" xml:lang="en" lang="en">
 <head>
  <title>
</title>
<meta http-equiv="Content-Type" content="text/html;charset=utf-8" />
  <meta name='ocr-system' content='tesseract 3.04.00' />
  <meta name='ocr-capabilities' content='ocr_page ocr_carea ocr_par ocr_line ocrx_word'/>
</head>
<body>
  <div class='ocr_page' id='page_1' title='image "algarumunicellul00brau_0119.png"; bbox 0 0 2225 3020; ppageno 0'>
   <div class='ocr_carea' id='block_1_1' title="bbox 610 584 1362 630">
    <p class='ocr_par' dir='ltr' id='par_1_1' title="bbox 610 584 1362 630">
     <span class='ocr_line' id='line_1_1' title="bbox 610 584 1362 630; baseline -0.003 -1"><span class='ocrx_word' id='word_1_1' title='bbox 610 585 892 629; x_wconf 54' lang='lat' dir='ltr'><strong>ADDENDA</strong></span> <span class='ocrx_word' id='word_1_2' title='bbox 921 596 959 630; x_wconf 81' lang='lat' dir='ltr'>et</span> <span class='ocrx_word' id='word_1_3' title='bbox 986 584 1362 628; x_wconf 54' lang='lat' dir='ltr'>EMENDANDA.</span> 
     </span>
    </p>
   </div>
   <div class='ocr_carea' id='block_1_2' title="bbox 910 685 1058 689">
    <p class='ocr_par' dir='ltr' id='par_1_2' title="bbox 910 685 1058 689">
     <span class='ocr_line' id='line_1_2' title="bbox 910 685 1058 689; baseline 0 0"><span class='ocrx_word' id='word_1_4' title='bbox 910 685 1058 689; x_wconf 95' lang='lat' dir='ltr'> </span> 
     </span>
    </p>
   </div>
   <div class='ocr_carea' id='block_1_3' title="bbox 197 772 1774 1326">
    <p class='ocr_par' dir='ltr' id='par_1_3' title="bbox 199 772 1773 970">
     <span class='ocr_line' id='line_1_3' title="bbox 339 772 1773 816; baseline 0 -10"><span class='ocrx_word' id='word_1_5' title='bbox 339 777 371 806; x_wconf 93' lang='lat' dir='ltr'>P.</span> <span class='ocrx_word' id='word_1_6' title='bbox 386 784 409 807; x_wconf 84' lang='lat' dir='ltr'>S.</span> <span class='ocrx_word' id='word_1_7' title='bbox 430 776 525 806; x_wconf 83' lang='lat' dir='ltr'>adnot.</span> <span class='ocrx_word' id='word_1_8' title='bbox 539 772 596 813; x_wconf 88' lang='lat'>(¹).</span> <span class='ocrx_word' id='word_1_9' title='bbox 641 779 818 805; x_wconf 81' lang='lat' dir='ltr'>Vauclzeriae</span> <span class='ocrx_word' id='word_1_10' title='bbox 833 776 957 805; x_wconf 85' lang='lat' dir='ltr'>ramulos</span> <span class='ocrx_word' id='word_1_11' title='bbox 974 776 1168 805; x_wconf 89' lang='lat' dir='ltr'>corniculatos</span> <span class='ocrx_word' id='word_1_12' title='bbox 1183 787 1248 805; x_wconf 89' lang='lat' dir='ltr'>vera</span> <span class='ocrx_word' id='word_1_13' title='bbox 1263 775 1421 804; x_wconf 86' lang='lat' dir='ltr'>antheridia</span> <span class='ocrx_word' id='word_1_14' title='bbox 1438 777 1687 816; x_wconf 74' lang='lat' dir='ltr'>(spermatocytia)</span> <span class='ocrx_word' id='word_1_15' title='bbox 1703 789 1773 814; x_wconf 74' lang='lat' dir='ltr'>csse,</span> 
     </span>
     <span class='ocr_line' id='line_1_4' title="bbox 201 827 1773 868; baseline 0.001 -11"><span class='ocrx_word' id='word_1_16' title='bbox 201 839 215 857; x_wconf 89' lang='lat' dir='ltr'>e</span> <span class='ocrx_word' id='word_1_17' title='bbox 231 828 332 867; x_wconf 90' lang='lat' dir='ltr'>quibus</span> <span class='ocrx_word' id='word_1_18' title='bbox 352 828 591 868; x_wconf 86' lang='lat' dir='ltr'>spermatozoidia</span> <span class='ocrx_word' id='word_1_19' title='bbox 611 828 644 856; x_wconf 91' lang='lat' dir='ltr'>iis</span> <span class='ocrx_word' id='word_1_20' title='bbox 662 828 854 856; x_wconf 84' lang='lat' dir='ltr'>Fucacearum</span> <span class='ocrx_word' id='word_1_21' title='bbox 873 827 975 856; x_wconf 75' lang='lat' dir='ltr'>similia</span> <span class='ocrx_word' id='word_1_22' title='bbox 996 833 1024 856; x_wconf 90' lang='lat' dir='ltr'>et</span> <span class='ocrx_word' id='word_1_23' title='bbox 1043 838 1156 866; x_wconf 80' lang='lat' dir='ltr'>sporam</span> <span class='ocrx_word' id='word_1_24' title='bbox 1177 827 1318 856; x_wconf 82' lang='lat' dir='ltr'>orientem</span> <span class='ocrx_word' id='word_1_25' title='bbox 1341 827 1572 856; x_wconf 78' lang='lat' dir='ltr'>manifestissime</span> <span class='ocrx_word' id='word_1_26' title='bbox 1593 828 1773 858; x_wconf 60' lang='lat' dir='ltr'>ser-undantia</span> 
     </span>
     <span class='ocr_line' id='line_1_5' title="bbox 199 873 1772 920; baseline 0 -12"><span class='ocrx_word' id='word_1_27' title='bbox 199 886 400 918; x_wconf 75' lang='lat' dir='ltr'>procreantur,</span> <span class='ocrx_word' id='word_1_28' title='bbox 420 879 455 908; x_wconf 92' lang='lat' dir='ltr'>cl.</span> <span class='ocrx_word' id='word_1_29' title='bbox 468 879 551 908; x_wconf 90' lang='lat' dir='ltr'>Prin</span> <span class='ocrx_word' id='word_1_30' title='bbox 562 878 624 918; x_wconf 83' lang='lat' dir='ltr'>gsh</span> <span class='ocrx_word' id='word_1_31' title='bbox 634 878 697 907; x_wconf 90' lang='lat' dir='ltr'>eim</span> <span class='ocrx_word' id='word_1_32' title='bbox 715 890 806 918; x_wconf 87' lang='lat' dir='ltr'>nuper</span> <span class='ocrx_word' id='word_1_33' title='bbox 821 879 1037 908; x_wconf 87' lang='lat' dir='ltr'>demonstravit.</span> <span class='ocrx_word' id='word_1_34' title='bbox 1058 873 1154 916; x_wconf 74' lang='lat' dir='ltr'>(Uber</span> <span class='ocrx_word' id='word_1_35' title='bbox 1165 878 1366 918; x_wconf 74' lang='lat' dir='ltr'>Bel‘ruchtung</span> <span class='ocrx_word' id='word_1_36' title='bbox 1380 879 1436 907; x_wconf 88' lang='lat' dir='ltr'>und</span> <span class='ocrx_word' id='word_1_37' title='bbox 1448 879 1594 919; x_wconf 79' lang='lat' dir='ltr'>Keimung</span> <span class='ocrx_word' id='word_1_38' title='bbox 1608 879 1658 908; x_wconf 91' lang='lat' dir='ltr'>der</span> <span class='ocrx_word' id='word_1_39' title='bbox 1668 880 1772 920; x_wconf 81' lang='lat' dir='ltr'>Algen.</span> 
     </span>
     <span class='ocr_line' id='line_1_6' title="bbox 199 929 1194 970; baseline -0.002 -10"><span class='ocrx_word' id='word_1_40' title='bbox 199 931 375 960; x_wconf 81' lang='lat' dir='ltr'>Monatsber.</span> <span class='ocrx_word' id='word_1_41' title='bbox 391 931 416 959; x_wconf 93' lang='lat' dir='ltr'>d.</span> <span class='ocrx_word' id='word_1_42' title='bbox 433 931 520 959; x_wconf 83' lang='lat' dir='ltr'>Akad.</span> <span class='ocrx_word' id='word_1_43' title='bbox 537 931 562 958; x_wconf 88' lang='lat' dir='ltr'>d.</span> <span class='ocrx_word' id='word_1_44' title='bbox 578 930 671 958; x_wconf 86' lang='lat' dir='ltr'>VViss.</span> <span class='ocrx_word' id='word_1_45' title='bbox 692 931 771 958; x_wconf 70' lang='lat' dir='ltr'>Mlirz</span> <span class='ocrx_word' id='word_1_46' title='bbox 791 936 867 959; x_wconf 79' lang='lat'><strong>1855.</strong></span> <span class='ocrx_word' id='word_1_47' title='bbox 886 941 914 969; x_wconf 89' lang='lat' dir='ltr'>p.</span> <span class='ocrx_word' id='word_1_48' title='bbox 931 936 987 958; x_wconf 71' lang='lat'>133.</span> <span class='ocrx_word' id='word_1_49' title='bbox 1007 929 1054 970; x_wconf 84' lang='lat' dir='ltr'>fig.</span> <span class='ocrx_word' id='word_1_50' title='bbox 1068 936 1079 957; x_wconf 90' lang='lat'>1</span> <span class='ocrx_word' id='word_1_51' title='bbox 1091 931 1194 966; x_wconf 81' lang='lat'><strong>—20.)</strong></span> 
     </span>
    </p>

    <p class='ocr_par' dir='ltr' id='par_1_4' title="bbox 198 975 1773 1122">
     <span class='ocr_line' id='line_1_7' title="bbox 338 975 1773 1020; baseline -0.001 -10"><span class='ocrx_word' id='word_1_52' title='bbox 338 982 409 1010; x_wconf 81' lang='lat' dir='ltr'>P.S.</span> <span class='ocrx_word' id='word_1_53' title='bbox 429 975 597 1018; x_wconf 78' lang='lat' dir='ltr'>adnot.(⁵).</span> <span class='ocrx_word' id='word_1_54' title='bbox 640 981 804 1009; x_wconf 90' lang='lat' dir='ltr'>Secundum</span> <span class='ocrx_word' id='word_1_55' title='bbox 827 981 951 1009; x_wconf 87' lang='lat' dir='ltr'>eiusdem</span> <span class='ocrx_word' id='word_1_56' title='bbox 978 980 1102 1009; x_wconf 90' lang='lat' dir='ltr'>auctoris</span> <span class='ocrx_word' id='word_1_57' title='bbox 1131 980 1347 1009; x_wconf 80' lang='lat' dir='ltr'>observationes</span> <span class='ocrx_word' id='word_1_58' title='bbox 1375 980 1515 1019; x_wconf 87' lang='lat' dir='ltr'>plantulas</span> <span class='ocrx_word' id='word_1_59' title='bbox 1536 991 1650 1019; x_wconf 90' lang='lat' dir='ltr'>quoque</span> <span class='ocrx_word' id='word_1_60' title='bbox 1669 981 1773 1020; x_wconf 80' lang='lat' dir='ltr'>depau-</span> 
     </span>
     <span class='ocr_line' id='line_1_8' title="bbox 198 1031 1773 1072; baseline 0 -11"><span class='ocrx_word' id='word_1_61' title='bbox 198 1037 318 1071; x_wconf 54' lang='lat' dir='ltr'>pertitas,</span> <span class='ocrx_word' id='word_1_62' title='bbox 333 1043 347 1061; x_wconf 92' lang='lat' dir='ltr'>e</span> <span class='ocrx_word' id='word_1_63' title='bbox 364 1033 581 1072; x_wconf 81' lang='lat' dir='ltr'>microgonidiis</span> <span class='ocrx_word' id='word_1_64' title='bbox 597 1039 701 1064; x_wconf 63' lang='lat' dir='ltr'>enatus,</span> <span class='ocrx_word' id='word_1_65' title='bbox 718 1035 878 1067; x_wconf 76' lang='lat' dir='ltr'>Oedogoniz&#39;</span> <span class='ocrx_word' id='word_1_66' title='bbox 898 1038 926 1060; x_wconf 89' lang='lat' dir='ltr'>et</span> <span class='ocrx_word' id='word_1_67' title='bbox 947 1033 1154 1059; x_wconf 74' lang='lat' dir='ltr'>Bulboclzaetes</span> <span class='ocrx_word' id='word_1_68' title='bbox 1176 1042 1285 1071; x_wconf 80' lang='lat' dir='ltr'>organa</span> <span class='ocrx_word' id='word_1_69' title='bbox 1306 1031 1351 1060; x_wconf 80' lang='lat' dir='ltr'>vel</span> <span class='ocrx_word' id='word_1_70' title='bbox 1372 1032 1467 1070; x_wconf 89' lang='lat' dir='ltr'>potius</span> <span class='ocrx_word' id='word_1_71' title='bbox 1490 1031 1635 1061; x_wconf 74' lang='lat' dir='ltr'>individua</span> <span class='ocrx_word' id='word_1_72' title='bbox 1651 1032 1773 1061; x_wconf 83' lang='lat' dir='ltr'>mascula</span> 
     </span>
     <span class='ocr_line' id='line_1_9' title="bbox 199 1082 1125 1122; baseline -0.002 -10"><span class='ocrx_word' id='word_1_73' title='bbox 199 1094 259 1112; x_wconf 88' lang='lat' dir='ltr'>esse</span> <span class='ocrx_word' id='word_1_74' title='bbox 279 1083 353 1112; x_wconf 79' lang='lat' dir='ltr'>haud</span> <span class='ocrx_word' id='word_1_75' title='bbox 375 1084 494 1122; x_wconf 82' lang='lat' dir='ltr'>amplius</span> <span class='ocrx_word' id='word_1_76' title='bbox 516 1083 702 1112; x_wconf 86' lang='lat' dir='ltr'>dubitandum</span> <span class='ocrx_word' id='word_1_77' title='bbox 726 1089 777 1112; x_wconf 86' lang='lat' dir='ltr'>est.</span> <span class='ocrx_word' id='word_1_78' title='bbox 805 1082 907 1120; x_wconf 86' lang='lat' dir='ltr'>(Conf.</span> <span class='ocrx_word' id='word_1_79' title='bbox 928 1082 945 1111; x_wconf 89' lang='lat' dir='ltr'>l.</span> <span class='ocrx_word' id='word_1_80' title='bbox 961 1094 984 1111; x_wconf 87' lang='lat' dir='ltr'>c.</span> <span class='ocrx_word' id='word_1_81' title='bbox 1006 1094 1032 1121; x_wconf 91' lang='lat' dir='ltr'>p.</span> <span class='ocrx_word' id='word_1_82' title='bbox 1054 1084 1125 1119; x_wconf 76' lang='grc'>158.)</span> 
     </span>
    </p>

    <p class='ocr_par' dir='ltr' id='par_1_5' title="bbox 197 1133 1774 1326">
     <span class='ocr_line' id='line_1_10' title="bbox 339 1133 1774 1174; baseline -0.001 -11"><span class='ocrx_word' id='word_1_83' title='bbox 339 1135 370 1162; x_wconf 91' lang='lat' dir='ltr'>P.</span> <span class='ocrx_word' id='word_1_84' title='bbox 390 1140 428 1163; x_wconf 88' lang='lat'>10.</span> <span class='ocrx_word' id='word_1_85' title='bbox 470 1135 550 1163; x_wconf 90' lang='lat' dir='ltr'>Inter</span> <span class='ocrx_word' id='word_1_86' title='bbox 570 1134 679 1173; x_wconf 81' lang='lat' dir='ltr'>plantas</span> <span class='ocrx_word' id='word_1_87' title='bbox 702 1134 910 1174; x_wconf 79' lang='lat' dir='ltr'>oligocytideas</span> <span class='ocrx_word' id='word_1_88' title='bbox 932 1133 1118 1162; x_wconf 85' lang='lat' dir='ltr'>tricellulares</span> <span class='ocrx_word' id='word_1_89' title='bbox 1139 1133 1267 1162; x_wconf 88' lang='lat' dir='ltr'>Piloboli</span> <span class='ocrx_word' id='word_1_90' title='bbox 1291 1133 1420 1172; x_wconf 81' lang='lat' dir='ltr'>exemplo</span> <span class='ocrx_word' id='word_1_91' title='bbox 1446 1133 1617 1173; x_wconf 75' lang='lat' dir='ltr'>adiungatur</span> <span class='ocrx_word' id='word_1_92' title='bbox 1634 1137 1774 1170; x_wconf 80' lang='lat' dir='ltr'>Empusa,</span> 
     </span>
     <span class='ocr_line' id='line_1_11' title="bbox 198 1184 1774 1225; baseline 0 -12"><span class='ocrx_word' id='word_1_93' title='bbox 198 1185 452 1225; x_wconf 77' lang='lat' dir='ltr'>Hypllomycetum</span> <span class='ocrx_word' id='word_1_94' title='bbox 475 1196 582 1225; x_wconf 82' lang='lat' dir='ltr'>genus,</span> <span class='ocrx_word' id='word_1_95' title='bbox 612 1185 688 1224; x_wconf 87' lang='lat' dir='ltr'>quod</span> <span class='ocrx_word' id='word_1_96' title='bbox 709 1186 837 1224; x_wconf 87' lang='lat' dir='ltr'>Dipteris</span> <span class='ocrx_word' id='word_1_97' title='bbox 867 1184 1014 1213; x_wconf 84' lang='lat' dir='ltr'>nonnullis</span> <span class='ocrx_word' id='word_1_98' title='bbox 1040 1184 1173 1213; x_wconf 82' lang='lat' dir='ltr'>morbum</span> <span class='ocrx_word' id='word_1_99' title='bbox 1204 1184 1314 1213; x_wconf 85' lang='lat' dir='ltr'>letalem</span> <span class='ocrx_word' id='word_1_100' title='bbox 1343 1185 1443 1219; x_wconf 71' lang='lat' dir='ltr'>affert,</span> <span class='ocrx_word' id='word_1_101' title='bbox 1472 1184 1506 1213; x_wconf 86' lang='lat' dir='ltr'>de</span> <span class='ocrx_word' id='word_1_102' title='bbox 1528 1195 1586 1223; x_wconf 84' lang='lat' dir='ltr'>qno</span> <span class='ocrx_word' id='word_1_103' title='bbox 1609 1185 1774 1214; x_wconf 77' lang='lat' dir='ltr'>conseratur</span> 
     </span>
     <span class='ocr_line' id='line_1_12' title="bbox 198 1235 1773 1276; baseline 0 -11"><span class='ocrx_word' id='word_1_104' title='bbox 198 1237 403 1265; x_wconf 82' lang='lat' dir='ltr'>commentatio</span> <span class='ocrx_word' id='word_1_105' title='bbox 426 1237 542 1276; x_wconf 80' lang='lat' dir='ltr'>egregia</span> <span class='ocrx_word' id='word_1_106' title='bbox 562 1236 596 1264; x_wconf 83' lang='lat' dir='ltr'>cl.</span> <span class='ocrx_word' id='word_1_107' title='bbox 614 1236 731 1265; x_wconf 85' lang='lat' dir='ltr'>Cohn:</span> <span class='ocrx_word' id='word_1_108' title='bbox 753 1240 882 1272; x_wconf 81' lang='lat' dir='ltr'>Empusa</span> <span class='ocrx_word' id='word_1_109' title='bbox 896 1239 1014 1263; x_wconf 63' lang='lat' dir='ltr'>,Museae</span> <span class='ocrx_word' id='word_1_110' title='bbox 1037 1236 1094 1263; x_wconf 89' lang='lat' dir='ltr'>und</span> <span class='ocrx_word' id='word_1_111' title='bbox 1115 1236 1160 1263; x_wconf 79' lang='lat' dir='ltr'>«lie</span> <span class='ocrx_word' id='word_1_112' title='bbox 1174 1235 1332 1263; x_wconf 88' lang='lat' dir='ltr'>Krankheit</span> <span class='ocrx_word' id='word_1_113' title='bbox 1354 1236 1404 1263; x_wconf 91' lang='lat' dir='ltr'>der</span> <span class='ocrx_word' id='word_1_114' title='bbox 1426 1235 1656 1275; x_wconf 80' lang='lat' dir='ltr'>Stubenssiegen.</span> <span class='ocrx_word' id='word_1_115' title='bbox 1682 1236 1773 1273; x_wconf 88' lang='lat' dir='ltr'>(Nov.</span> 
     </span>
     <span class='ocr_line' id='line_1_13' title="bbox 197 1286 1773 1326; baseline -0.001 -10"><span class='ocrx_word' id='word_1_116' title='bbox 197 1294 251 1316; x_wconf 89' lang='lat' dir='ltr'>act.</span> <span class='ocrx_word' id='word_1_117' title='bbox 274 1293 330 1316; x_wconf 83' lang='lat' dir='ltr'>nat.</span> <span class='ocrx_word' id='word_1_118' title='bbox 352 1298 410 1316; x_wconf 90' lang='lat' dir='ltr'>cur.</span> <span class='ocrx_word' id='word_1_119' title='bbox 438 1287 502 1316; x_wconf 83' lang='lat' dir='ltr'>Vol.</span> <span class='ocrx_word' id='word_1_120' title='bbox 516 1288 608 1316; x_wconf 87' lang='lat' dir='ltr'>XXV.</span> <span class='ocrx_word' id='word_1_121' title='bbox 624 1287 645 1315; x_wconf 94' lang='lat' dir='ltr'>I.</span> <span class='ocrx_word' id='word_1_122' title='bbox 671 1299 699 1326; x_wconf 92' lang='lat' dir='ltr'>p.</span> <span class='ocrx_word' id='word_1_123' title='bbox 715 1292 776 1319; x_wconf 71' lang='lat'><strong>¹299.</strong></span> <span class='ocrx_word' id='word_1_124' title='bbox 803 1287 860 1315; x_wconf 87' lang='lat' dir='ltr'>tab.</span> <span class='ocrx_word' id='word_1_125' title='bbox 877 1287 1036 1323; x_wconf 91' lang='lat' dir='ltr'>IX—XI.)</span> <span class='ocrx_word' id='word_1_126' title='bbox 1078 1286 1193 1325; x_wconf 85' lang='lat' dir='ltr'>Speciei</span> <span class='ocrx_word' id='word_1_127' title='bbox 1218 1286 1246 1314; x_wconf 86' lang='lat' dir='ltr'>iu</span> <span class='ocrx_word' id='word_1_128' title='bbox 1270 1286 1321 1314; x_wconf 88' lang='lat' dir='ltr'>hac</span> <span class='ocrx_word' id='word_1_129' title='bbox 1346 1287 1590 1315; x_wconf 78' lang='lat' dir='ltr'>commentatione</span> <span class='ocrx_word' id='word_1_130' title='bbox 1613 1287 1773 1326; x_wconf 80' lang='lat' dir='ltr'>descriptae</span> 
     </span>
    </p>
   </div>
   <div class='ocr_carea' id='block_1_4' title="bbox 196 1337 1774 1480">
    <p class='ocr_par' dir='ltr' id='par_1_6' title="bbox 197 1337 1773 1376">
     <span class='ocr_line' id='line_1_14' title="bbox 197 1337 1773 1376; baseline -0.001 -9"><span class='ocrx_word' id='word_1_131' title='bbox 197 1338 313 1367; x_wconf 84' lang='lat' dir='ltr'>alteram</span> <span class='ocrx_word' id='word_1_132' title='bbox 329 1339 442 1374; x_wconf 80' lang='lat' dir='ltr'>addam,</span> <span class='ocrx_word' id='word_1_133' title='bbox 467 1341 627 1374; x_wconf 76' lang='lat' dir='ltr'>Empusam</span> <span class='ocrx_word' id='word_1_134' title='bbox 647 1341 762 1370; x_wconf 75' lang='lat' dir='ltr'>Culicis,</span> <span class='ocrx_word' id='word_1_135' title='bbox 790 1348 861 1376; x_wconf 82' lang='lat' dir='ltr'>quae</span> <span class='ocrx_word' id='word_1_136' title='bbox 883 1337 1110 1365; x_wconf 80' lang='lat' dir='ltr'>dimensionibus</span> <span class='ocrx_word' id='word_1_137' title='bbox 1126 1337 1255 1365; x_wconf 90' lang='lat' dir='ltr'>omnium</span> <span class='ocrx_word' id='word_1_138' title='bbox 1276 1337 1398 1375; x_wconf 91' lang='lat' dir='ltr'>partium</span> <span class='ocrx_word' id='word_1_139' title='bbox 1422 1337 1484 1375; x_wconf 90' lang='lat' dir='ltr'>plus</span> <span class='ocrx_word' id='word_1_140' title='bbox 1505 1337 1592 1376; x_wconf 89' lang='lat' dir='ltr'>duplo</span> <span class='ocrx_word' id='word_1_141' title='bbox 1616 1338 1773 1367; x_wconf 89' lang='lat' dir='ltr'>minoribus</span> 
     </span>
    </p>

    <p class='ocr_par' dir='ltr' id='par_1_7' title="bbox 196 1382 1774 1480">
     <span class='ocr_line' id='line_1_15' title="bbox 861 1383 1298 1394; baseline 0.002 -1"><span class='ocrx_word' id='word_1_142' title='bbox 861 1384 883 1394; x_wconf 70' lang='lat' dir='ltr'>(ll</span> <span class='ocrx_word' id='word_1_143' title='bbox 1284 1383 1298 1394; x_wconf 74' lang='grc' dir='ltr'>ΙΙ</span> 
     </span>
     <span class='ocr_line' id='line_1_16' title="bbox 707 1382 1308 1433; baseline -0.003 0"><span class='ocrx_word' id='word_1_144' title='bbox 707 1383 855 1433; x_wconf 48' lang='lat' dir='ltr'>&lt;iilo—{Tio</span> <span class='ocrx_word' id='word_1_145' title='bbox 884 1410 892 1424; x_wconf 72' lang='lat'>&#39;</span> <span class='ocrx_word' id='word_1_146' title='bbox 1123 1382 1281 1432; x_wconf 43' lang='lat' dir='ltr'>fiio—‘iios</span> <span class='ocrx_word' id='word_1_147' title='bbox 1300 1410 1308 1423; x_wconf 84' lang='lat'>⁷</span> 
     </span>
     <span class='ocr_line' id='line_1_17' title="bbox 196 1438 1774 1480; baseline 0 -12"><span class='ocrx_word' id='word_1_148' title='bbox 196 1440 485 1480; x_wconf 83' lang='lat' dir='ltr'>glauco-virescente</span> <span class='ocrx_word' id='word_1_149' title='bbox 507 1439 701 1479; x_wconf 81' lang='lat' dir='ltr'>distinguitur.</span> <span class='ocrx_word' id='word_1_150' title='bbox 742 1439 866 1467; x_wconf 83' lang='lat' dir='ltr'>Abunde</span> <span class='ocrx_word' id='word_1_151' title='bbox 887 1450 938 1478; x_wconf 90' lang='lat' dir='ltr'>per</span> <span class='ocrx_word' id='word_1_152' title='bbox 959 1445 1048 1467; x_wconf 85' lang='lat' dir='ltr'>totam</span> <span class='ocrx_word' id='word_1_153' title='bbox 1070 1445 1206 1467; x_wconf 75' lang='lat' dir='ltr'>aestatem</span> <span class='ocrx_word' id='word_1_154' title='bbox 1228 1438 1399 1467; x_wconf 88' lang='lat' dir='ltr'>observatur</span> <span class='ocrx_word' id='word_1_155' title='bbox 1419 1439 1447 1467; x_wconf 87' lang='lat' dir='ltr'>in</span> <span class='ocrx_word' id='word_1_156' title='bbox 1471 1449 1593 1477; x_wconf 80' lang='lat' dir='ltr'>corpore</span> <span class='ocrx_word' id='word_1_157' title='bbox 1608 1443 1710 1467; x_wconf 73' lang='lat' dir='ltr'>Culicis</span> <span class='ocrx_word' id='word_1_158' title='bbox 1729 1445 1774 1476; x_wconf 82' lang='lat' dir='ltr'>pi-</span> 
     </span>
    </p>
   </div>
   <div class='ocr_carea' id='block_1_5' title="bbox 193 1383 1773 2499">
    <p class='ocr_par' dir='ltr' id='par_1_8' title="bbox 193 1383 1773 1632">
     <span class='ocr_line' id='line_1_18' title="bbox 198 1383 1772 1433; baseline 0.001 -16"><span class='ocrx_word' id='word_1_159' title='bbox 198 1389 325 1427; x_wconf 84' lang='lat' dir='ltr'>(filorum</span> <span class='ocrx_word' id='word_1_160' title='bbox 354 1389 518 1417; x_wconf 82' lang='lat' dir='ltr'>radicalium</span> <span class='ocrx_word' id='word_1_161' title='bbox 544 1389 683 1417; x_wconf 87' lang='lat' dir='ltr'>diametro</span> <span class='ocrx_word' id='word_1_162' title='bbox 925 1387 1099 1416; x_wconf 75' lang='lat' dir='ltr'>basidiorum</span> <span class='ocrx_word' id='word_1_163' title='bbox 1338 1398 1487 1426; x_wconf 86' lang='lat' dir='ltr'>sporarum</span> <span class='ocrx_word' id='word_1_164' title='bbox 1511 1383 1597 1433; x_wconf 51' lang='lat' dir='ltr'>&gt;gg-om)</span> <span class='ocrx_word' id='word_1_165' title='bbox 1625 1394 1653 1417; x_wconf 83' lang='lat' dir='ltr'>et</span> <span class='ocrx_word' id='word_1_166' title='bbox 1675 1389 1772 1418; x_wconf 89' lang='lat' dir='ltr'>colore</span> 
     </span>
     <span class='ocr_line' id='line_1_19' title="bbox 193 1489 1773 1531; baseline 0 -12"><span class='ocrx_word' id='word_1_167' title='bbox 193 1495 299 1527; x_wconf 68' lang='lat' dir='ltr'>picatis</span> <span class='ocrx_word' id='word_1_168' title='bbox 314 1491 347 1519; x_wconf 84' lang='lat' dir='ltr'>ad</span> <span class='ocrx_word' id='word_1_169' title='bbox 363 1491 522 1531; x_wconf 76' lang='lat' dir='ltr'>marginem</span> <span class='ocrx_word' id='word_1_170' title='bbox 538 1501 625 1529; x_wconf 81' lang='lat' dir='ltr'>aquae</span> <span class='ocrx_word' id='word_1_171' title='bbox 644 1490 671 1518; x_wconf 92' lang='lat' dir='ltr'>in</span> <span class='ocrx_word' id='word_1_172' title='bbox 687 1490 844 1528; x_wconf 82' lang='lat' dir='ltr'>parietibus</span> <span class='ocrx_word' id='word_1_173' title='bbox 860 1490 1015 1525; x_wconf 82' lang='lat' dir='ltr'>doliorum,</span> <span class='ocrx_word' id='word_1_174' title='bbox 1035 1489 1135 1527; x_wconf 86' lang='lat' dir='ltr'>quibus</span> <span class='ocrx_word' id='word_1_175' title='bbox 1151 1490 1183 1517; x_wconf 83' lang='lat' dir='ltr'>ad</span> <span class='ocrx_word' id='word_1_176' title='bbox 1199 1489 1308 1528; x_wconf 76' lang='lat' dir='ltr'>plantas</span> <span class='ocrx_word' id='word_1_177' title='bbox 1330 1490 1462 1529; x_wconf 79' lang='lat' dir='ltr'>rigandas</span> <span class='ocrx_word' id='word_1_178' title='bbox 1484 1490 1511 1518; x_wconf 89' lang='lat' dir='ltr'>in</span> <span class='ocrx_word' id='word_1_179' title='bbox 1529 1490 1618 1518; x_wconf 82' lang='lat' dir='ltr'>hortis</span> <span class='ocrx_word' id='word_1_180' title='bbox 1633 1491 1773 1520; x_wconf 80' lang='lat' dir='ltr'>botanicis</span> 
     </span>
     <span class='ocr_line' id='line_1_20' title="bbox 198 1540 1771 1581; baseline 0.001 -11"><span class='ocrx_word' id='word_1_181' title='bbox 198 1543 303 1570; x_wconf 82' lang='lat' dir='ltr'>nostris</span> <span class='ocrx_word' id='word_1_182' title='bbox 318 1542 441 1578; x_wconf 83' lang='lat' dir='ltr'>utimur,</span> <span class='ocrx_word' id='word_1_183' title='bbox 460 1541 643 1575; x_wconf 71' lang='lat' dir='ltr'>emorientis,</span> <span class='ocrx_word' id='word_1_184' title='bbox 663 1540 696 1568; x_wconf 82' lang='lat' dir='ltr'>ad</span> <span class='ocrx_word' id='word_1_185' title='bbox 712 1541 790 1569; x_wconf 90' lang='lat' dir='ltr'>cuius</span> <span class='ocrx_word' id='word_1_186' title='bbox 805 1540 951 1569; x_wconf 80' lang='lat' dir='ltr'>thoracem</span> <span class='ocrx_word' id='word_1_187' title='bbox 968 1540 1085 1580; x_wconf 83' lang='lat' dir='ltr'>cingulo</span> <span class='ocrx_word' id='word_1_188' title='bbox 1101 1540 1274 1568; x_wconf 84' lang='lat' dir='ltr'>horizontali</span> <span class='ocrx_word' id='word_1_189' title='bbox 1290 1540 1399 1576; x_wconf 85' lang='lat' dir='ltr'>clauso,</span> <span class='ocrx_word' id='word_1_190' title='bbox 1418 1541 1494 1569; x_wconf 90' lang='lat' dir='ltr'>inter</span> <span class='ocrx_word' id='word_1_191' title='bbox 1515 1548 1663 1581; x_wconf 82' lang='lat' dir='ltr'>segmenta</span> <span class='ocrx_word' id='word_1_192' title='bbox 1681 1542 1771 1571; x_wconf 85' lang='lat' dir='ltr'>abdo-</span> 
     </span>
     <span class='ocr_line' id='line_1_21' title="bbox 197 1591 1429 1632; baseline -0.002 -11"><span class='ocrx_word' id='word_1_193' title='bbox 197 1593 281 1621; x_wconf 89' lang='lat' dir='ltr'>minis</span> <span class='ocrx_word' id='word_1_194' title='bbox 296 1592 419 1632; x_wconf 87' lang='lat' dir='ltr'>cingulis</span> <span class='ocrx_word' id='word_1_195' title='bbox 434 1592 647 1631; x_wconf 84' lang='lat' dir='ltr'>angustioribus</span> <span class='ocrx_word' id='word_1_196' title='bbox 662 1591 854 1627; x_wconf 82' lang='lat' dir='ltr'>verticalibus,</span> <span class='ocrx_word' id='word_1_197' title='bbox 867 1591 915 1619; x_wconf 89' lang='lat' dir='ltr'>sed</span> <span class='ocrx_word' id='word_1_198' title='bbox 934 1591 1044 1619; x_wconf 83' lang='lat' dir='ltr'>inferne</span> <span class='ocrx_word' id='word_1_199' title='bbox 1060 1591 1242 1629; x_wconf 87' lang='lat' dir='ltr'>incompletis</span> <span class='ocrx_word' id='word_1_200' title='bbox 1258 1592 1429 1630; x_wconf 85' lang='lat' dir='ltr'>prorumpit.</span> 
     </span>
    </p>

    <p class='ocr_par' dir='ltr' id='par_1_9' title="bbox 197 1637 1772 2039">
     <span class='ocr_line' id='line_1_22' title="bbox 336 1637 1772 1682; baseline 0.001 -10"><span class='ocrx_word' id='word_1_201' title='bbox 336 1644 368 1671; x_wconf 90' lang='lat' dir='ltr'>P.</span> <span class='ocrx_word' id='word_1_202' title='bbox 386 1649 424 1672; x_wconf 76' lang='lat'>12.</span> <span class='ocrx_word' id='word_1_203' title='bbox 444 1637 612 1679; x_wconf 73' lang='lat' dir='ltr'>adnot.(²).</span> <span class='ocrx_word' id='word_1_204' title='bbox 659 1642 717 1670; x_wconf 88' lang='lat' dir='ltr'>Pro</span> <span class='ocrx_word' id='word_1_205' title='bbox 741 1645 955 1670; x_wconf 71' lang='lat' dir='ltr'>Pet-onustoma</span> <span class='ocrx_word' id='word_1_206' title='bbox 983 1642 1062 1682; x_wconf 85' lang='lat' dir='ltr'>lege:</span> <span class='ocrx_word' id='word_1_207' title='bbox 1091 1645 1308 1677; x_wconf 73' lang='lat' dir='ltr'>Permmspora.</span> <span class='ocrx_word' id='word_1_208' title='bbox 1358 1642 1583 1671; x_wconf 81' lang='lat' dir='ltr'>Observationes</span> <span class='ocrx_word' id='word_1_209' title='bbox 1608 1654 1660 1672; x_wconf 87' lang='lat' dir='ltr'>am.</span> <span class='ocrx_word' id='word_1_210' title='bbox 1685 1643 1772 1673; x_wconf 87' lang='lat' dir='ltr'>Cas-</span> 
     </span>
     <span class='ocr_line' id='line_1_23' title="bbox 197 1688 1770 1734; baseline 0 -11"><span class='ocrx_word' id='word_1_211' title='bbox 197 1705 288 1734; x_wconf 80' lang='lat' dir='ltr'>pary</span> <span class='ocrx_word' id='word_1_212' title='bbox 313 1694 347 1723; x_wconf 89' lang='lat' dir='ltr'>de</span> <span class='ocrx_word' id='word_1_213' title='bbox 369 1694 476 1733; x_wconf 88' lang='lat' dir='ltr'>triplici</span> <span class='ocrx_word' id='word_1_214' title='bbox 496 1694 577 1722; x_wconf 88' lang='lat' dir='ltr'>huius</span> <span class='ocrx_word' id='word_1_215' title='bbox 599 1694 713 1733; x_wconf 84' lang='lat' dir='ltr'>generis</span> <span class='ocrx_word' id='word_1_216' title='bbox 733 1693 953 1721; x_wconf 80' lang='lat' dir='ltr'>fructificatione</span> <span class='ocrx_word' id='word_1_217' title='bbox 977 1704 1052 1721; x_wconf 86' lang='lat' dir='ltr'>nunc</span> <span class='ocrx_word' id='word_1_218' title='bbox 1073 1693 1179 1732; x_wconf 83' lang='lat' dir='ltr'>publici</span> <span class='ocrx_word' id='word_1_219' title='bbox 1203 1693 1271 1721; x_wconf 88' lang='lat' dir='ltr'>iuris</span> <span class='ocrx_word' id='word_1_220' title='bbox 1292 1693 1358 1721; x_wconf 83' lang='lat' dir='ltr'>facti</span> <span class='ocrx_word' id='word_1_221' title='bbox 1380 1699 1460 1722; x_wconf 87' lang='lat' dir='ltr'>sunt:</span> <span class='ocrx_word' id='word_1_222' title='bbox 1489 1688 1571 1722; x_wconf 76' lang='lat' dir='ltr'>Uber</span> <span class='ocrx_word' id='word_1_223' title='bbox 1593 1695 1687 1723; x_wconf 80' lang='lat' dir='ltr'>zwei-</span> <span class='ocrx_word' id='word_1_224' title='bbox 1714 1695 1770 1724; x_wconf 85' lang='lat' dir='ltr'>und</span> 
     </span>
     <span class='ocr_line' id='line_1_24' title="bbox 197 1743 1771 1785; baseline 0.001 -11"><span class='ocrx_word' id='word_1_225' title='bbox 197 1745 330 1774; x_wconf 87' lang='lat' dir='ltr'>dreierlei</span> <span class='ocrx_word' id='word_1_226' title='bbox 358 1745 481 1773; x_wconf 76' lang='lat' dir='ltr'>Frfichte</span> <span class='ocrx_word' id='word_1_227' title='bbox 509 1745 621 1784; x_wconf 79' lang='lat' dir='ltr'>einiger</span> <span class='ocrx_word' id='word_1_228' title='bbox 649 1744 889 1782; x_wconf 77' lang='lat' dir='ltr'>Sclnimmelpilze.</span> <span class='ocrx_word' id='word_1_229' title='bbox 919 1744 1109 1780; x_wconf 82' lang='lat' dir='ltr'>(Monatsber.</span> <span class='ocrx_word' id='word_1_230' title='bbox 1137 1744 1163 1772; x_wconf 91' lang='lat' dir='ltr'>d.</span> <span class='ocrx_word' id='word_1_231' title='bbox 1187 1743 1276 1772; x_wconf 74' lang='lat' dir='ltr'>Akad.</span> <span class='ocrx_word' id='word_1_232' title='bbox 1301 1744 1326 1772; x_wconf 85' lang='lat' dir='ltr'>d.</span> <span class='ocrx_word' id='word_1_233' title='bbox 1353 1745 1446 1773; x_wconf 80' lang='lat' dir='ltr'>Wiss.</span> <span class='ocrx_word' id='word_1_234' title='bbox 1479 1745 1534 1773; x_wconf 78' lang='lat' dir='ltr'>Mai</span> <span class='ocrx_word' id='word_1_235' title='bbox 1563 1752 1638 1774; x_wconf 70' lang='grc'>1855.</span> <span class='ocrx_word' id='word_1_236' title='bbox 1671 1757 1698 1785; x_wconf 92' lang='lat' dir='ltr'>p.</span> <span class='ocrx_word' id='word_1_237' title='bbox 1720 1752 1771 1775; x_wconf 63' lang='lat'>508</span> 
     </span>
     <span class='ocr_line' id='line_1_25' title="bbox 197 1795 1771 1837; baseline 0 -12"><span class='ocrx_word' id='word_1_238' title='bbox 197 1808 261 1826; x_wconf 92' lang='lat' dir='ltr'>cum</span> <span class='ocrx_word' id='word_1_239' title='bbox 280 1796 354 1833; x_wconf 86' lang='lat' dir='ltr'>tab.)</span> <span class='ocrx_word' id='word_1_240' title='bbox 395 1797 429 1824; x_wconf 90' lang='lat' dir='ltr'>In</span> <span class='ocrx_word' id='word_1_241' title='bbox 444 1795 597 1824; x_wconf 87' lang='lat' dir='ltr'>Uredineis</span> <span class='ocrx_word' id='word_1_242' title='bbox 613 1806 726 1834; x_wconf 90' lang='lat' dir='ltr'>quoque</span> <span class='ocrx_word' id='word_1_243' title='bbox 743 1795 888 1823; x_wconf 88' lang='lat' dir='ltr'>nonnullis</span> <span class='ocrx_word' id='word_1_244' title='bbox 905 1795 1016 1834; x_wconf 71' lang='lat' dir='ltr'>triplex,</span> <span class='ocrx_word' id='word_1_245' title='bbox 1035 1795 1093 1823; x_wconf 93' lang='lat' dir='ltr'>imo</span> <span class='ocrx_word' id='word_1_246' title='bbox 1109 1795 1282 1833; x_wconf 83' lang='lat' dir='ltr'>quadruplex</span> <span class='ocrx_word' id='word_1_247' title='bbox 1303 1795 1485 1824; x_wconf 85' lang='lat' dir='ltr'>fructificatio</span> <span class='ocrx_word' id='word_1_248' title='bbox 1509 1797 1650 1832; x_wconf 74' lang='lat' dir='ltr'>occurrit,</span> <span class='ocrx_word' id='word_1_249' title='bbox 1670 1807 1711 1825; x_wconf 87' lang='lat' dir='ltr'>ex.</span> <span class='ocrx_word' id='word_1_250' title='bbox 1729 1808 1771 1837; x_wconf 81' lang='lat' dir='ltr'>gr.</span> 
     </span>
     <span class='ocr_line' id='line_1_26' title="bbox 197 1846 1771 1886; baseline 0 -10"><span class='ocrx_word' id='word_1_251' title='bbox 197 1848 226 1876; x_wconf 90' lang='lat' dir='ltr'>in</span> <span class='ocrx_word' id='word_1_252' title='bbox 241 1851 439 1882; x_wconf 61' lang='lat' dir='ltr'>Plzragmidim</span> <span class='ocrx_word' id='word_1_253' title='bbox 456 1847 532 1886; x_wconf 90' lang='lat' dir='ltr'>quod</span> <span class='ocrx_word' id='word_1_254' title='bbox 547 1846 705 1886; x_wconf 84' lang='lat' dir='ltr'>spermatiis</span> <span class='ocrx_word' id='word_1_255' title='bbox 721 1846 794 1874; x_wconf 83' lang='lat' dir='ltr'>intra</span> <span class='ocrx_word' id='word_1_256' title='bbox 808 1846 1012 1886; x_wconf 85' lang='lat' dir='ltr'>spermogonia</span> <span class='ocrx_word' id='word_1_257' title='bbox 1028 1846 1098 1874; x_wconf 89' lang='lat' dir='ltr'>ortis</span> <span class='ocrx_word' id='word_1_258' title='bbox 1114 1847 1302 1882; x_wconf 80' lang='lat' dir='ltr'>(Aecidiolo),</span> <span class='ocrx_word' id='word_1_259' title='bbox 1317 1847 1409 1885; x_wconf 90' lang='lat' dir='ltr'>sporis</span> <span class='ocrx_word' id='word_1_260' title='bbox 1424 1847 1600 1885; x_wconf 84' lang='lat' dir='ltr'>simplicibus</span> <span class='ocrx_word' id='word_1_261' title='bbox 1615 1850 1771 1885; x_wconf 73' lang='lat' dir='ltr'>(Uredine)</span> 
     </span>
     <span class='ocr_line' id='line_1_27' title="bbox 197 1897 1771 1938; baseline 0 -11"><span class='ocrx_word' id='word_1_262' title='bbox 197 1905 226 1928; x_wconf 86' lang='lat' dir='ltr'>et</span> <span class='ocrx_word' id='word_1_263' title='bbox 247 1899 363 1938; x_wconf 87' lang='lat' dir='ltr'>septatis</span> <span class='ocrx_word' id='word_1_264' title='bbox 385 1901 586 1933; x_wconf 61' lang='lat' dir='ltr'>(Plu-agundia</span> <span class='ocrx_word' id='word_1_265' title='bbox 608 1897 725 1936; x_wconf 88' lang='lat' dir='ltr'>proprie</span> <span class='ocrx_word' id='word_1_266' title='bbox 744 1898 783 1925; x_wconf 87' lang='lat' dir='ltr'>sic</span> <span class='ocrx_word' id='word_1_267' title='bbox 804 1897 896 1934; x_wconf 84' lang='lat' dir='ltr'>dicto)</span> <span class='ocrx_word' id='word_1_268' title='bbox 924 1903 951 1926; x_wconf 87' lang='lat' dir='ltr'>et</span> <span class='ocrx_word' id='word_1_269' title='bbox 974 1897 1098 1935; x_wconf 89' lang='lat' dir='ltr'>denique</span> <span class='ocrx_word' id='word_1_270' title='bbox 1123 1897 1288 1936; x_wconf 84' lang='lat' dir='ltr'>sporidiolis</span> <span class='ocrx_word' id='word_1_271' title='bbox 1312 1897 1341 1926; x_wconf 91' lang='lat' dir='ltr'>in</span> <span class='ocrx_word' id='word_1_272' title='bbox 1365 1898 1542 1937; x_wconf 87' lang='lat' dir='ltr'>promycelio</span> <span class='ocrx_word' id='word_1_273' title='bbox 1564 1899 1635 1927; x_wconf 86' lang='lat' dir='ltr'>natis</span> <span class='ocrx_word' id='word_1_274' title='bbox 1658 1900 1771 1938; x_wconf 80' lang='lat' dir='ltr'>gaudet.</span> 
     </span>
     <span class='ocr_line' id='line_1_28' title="bbox 198 1948 1771 1988; baseline 0 -10"><span class='ocrx_word' id='word_1_275' title='bbox 198 1950 286 1979; x_wconf 84' lang='lat' dir='ltr'>Conf.</span> <span class='ocrx_word' id='word_1_276' title='bbox 301 1949 475 1985; x_wconf 86' lang='lat' dir='ltr'>Tulasne‚</span> <span class='ocrx_word' id='word_1_277' title='bbox 494 1949 601 1977; x_wconf 86' lang='lat' dir='ltr'>second</span> <span class='ocrx_word' id='word_1_278' title='bbox 617 1948 699 1977; x_wconf 67' lang='lat' dir='ltr'>mem.</span> <span class='ocrx_word' id='word_1_279' title='bbox 713 1959 761 1976; x_wconf 88' lang='lat' dir='ltr'>sur</span> <span class='ocrx_word' id='word_1_280' title='bbox 776 1948 815 1976; x_wconf 86' lang='lat' dir='ltr'>les</span> <span class='ocrx_word' id='word_1_281' title='bbox 831 1948 990 1977; x_wconf 64' lang='lat' dir='ltr'>Uredinees</span> <span class='ocrx_word' id='word_1_282' title='bbox 1005 1954 1034 1977; x_wconf 89' lang='lat' dir='ltr'>et</span> <span class='ocrx_word' id='word_1_283' title='bbox 1048 1948 1086 1976; x_wconf 80' lang='lat' dir='ltr'>les</span> <span class='ocrx_word' id='word_1_284' title='bbox 1102 1948 1306 1988; x_wconf 56' lang='lat' dir='ltr'>Ustilaginesses.</span> <span class='ocrx_word' id='word_1_285' title='bbox 1322 1950 1414 1986; x_wconf 85' lang='lat' dir='ltr'>(Ann.</span> <span class='ocrx_word' id='word_1_286' title='bbox 1428 1949 1454 1977; x_wconf 94' lang='lat' dir='ltr'>d.</span> <span class='ocrx_word' id='word_1_287' title='bbox 1465 1960 1504 1978; x_wconf 86' lang='lat' dir='ltr'>sc.</span> <span class='ocrx_word' id='word_1_288' title='bbox 1522 1955 1577 1978; x_wconf 86' lang='lat' dir='ltr'>nat.</span> <span class='ocrx_word' id='word_1_289' title='bbox 1594 1949 1642 1978; x_wconf 69' lang='lat'>4¹⁰²</span> <span class='ocrx_word' id='word_1_290' title='bbox 1659 1950 1721 1978; x_wconf 89' lang='lat' dir='ltr'>Ser.</span> <span class='ocrx_word' id='word_1_291' title='bbox 1734 1951 1771 1979; x_wconf 91' lang='lat' dir='ltr'>II.</span> 
     </span>
     <span class='ocr_line' id='line_1_29' title="bbox 200 2000 668 2039; baseline -0.006 -9"><span class='ocrx_word' id='word_1_292' title='bbox 200 2006 277 2030; x_wconf 68' lang='lat'><strong>1355.</strong></span> <span class='ocrx_word' id='word_1_293' title='bbox 298 2012 324 2039; x_wconf 87' lang='lat' dir='ltr'>p.</span> <span class='ocrx_word' id='word_1_294' title='bbox 342 2006 383 2031; x_wconf 78' lang='lat'>77.</span> <span class='ocrx_word' id='word_1_295' title='bbox 406 2002 462 2029; x_wconf 63' lang='lat'>146.</span> <span class='ocrx_word' id='word_1_296' title='bbox 480 2006 540 2029; x_wconf 73' lang='lat'>150.</span> <span class='ocrx_word' id='word_1_297' title='bbox 556 2000 611 2028; x_wconf 81' lang='lat' dir='ltr'>tab.</span> <span class='ocrx_word' id='word_1_298' title='bbox 626 2001 668 2035; x_wconf 85' lang='lat'>9.)</span> 
     </span>
    </p>

    <p class='ocr_par' dir='ltr' id='par_1_10' title="bbox 199 2045 1772 2240">
     <span class='ocr_line' id='line_1_30' title="bbox 337 2045 1770 2091; baseline 0.001 -11"><span class='ocrx_word' id='word_1_299' title='bbox 337 2052 426 2080; x_wconf 55' lang='lat' dir='ltr'>P.&#39;12.</span> <span class='ocrx_word' id='word_1_300' title='bbox 447 2051 543 2080; x_wconf 82' lang='lat' dir='ltr'>adnot.</span> <span class='ocrx_word' id='word_1_301' title='bbox 556 2045 613 2087; x_wconf 88' lang='lat'><strong>(⁷).</strong></span> <span class='ocrx_word' id='word_1_302' title='bbox 653 2050 896 2079; x_wconf 81' lang='lat' dir='ltr'>Fecundationem</span> <span class='ocrx_word' id='word_1_303' title='bbox 916 2050 1107 2078; x_wconf 84' lang='lat' dir='ltr'>Fucacearum</span> <span class='ocrx_word' id='word_1_304' title='bbox 1137 2061 1229 2089; x_wconf 88' lang='lat' dir='ltr'>nupcr</span> <span class='ocrx_word' id='word_1_305' title='bbox 1253 2049 1467 2079; x_wconf 79' lang='lat' dir='ltr'>illustraverunt</span> <span class='ocrx_word' id='word_1_306' title='bbox 1488 2051 1715 2091; x_wconf 83' lang='lat' dir='ltr'>Pringsheim</span> <span class='ocrx_word' id='word_1_307' title='bbox 1742 2052 1770 2081; x_wconf 90' lang='lat' dir='ltr'>in</span> 
     </span>
     <span class='ocr_line' id='line_1_31' title="bbox 199 2096 1772 2142; baseline 0 -11"><span class='ocrx_word' id='word_1_308' title='bbox 199 2103 442 2132; x_wconf 82' lang='lat' dir='ltr'>commentatione</span> <span class='ocrx_word' id='word_1_309' title='bbox 464 2113 548 2141; x_wconf 78' lang='lat' dir='ltr'>supra</span> <span class='ocrx_word' id='word_1_310' title='bbox 569 2102 666 2130; x_wconf 83' lang='lat' dir='ltr'>citata:</span> <span class='ocrx_word' id='word_1_311' title='bbox 694 2096 776 2130; x_wconf 61' lang='lat' dir='ltr'>[Ther</span> <span class='ocrx_word' id='word_1_312' title='bbox 797 2100 995 2141; x_wconf 62' lang='lat' dir='ltr'>liefruchtung</span> <span class='ocrx_word' id='word_1_313' title='bbox 1022 2101 1079 2129; x_wconf 90' lang='lat' dir='ltr'>und</span> <span class='ocrx_word' id='word_1_314' title='bbox 1099 2101 1244 2141; x_wconf 82' lang='lat' dir='ltr'>Keimung</span> <span class='ocrx_word' id='word_1_315' title='bbox 1269 2101 1319 2130; x_wconf 90' lang='lat' dir='ltr'>der</span> <span class='ocrx_word' id='word_1_316' title='bbox 1338 2102 1447 2141; x_wconf 76' lang='lat' dir='ltr'>Algen,</span> <span class='ocrx_word' id='word_1_317' title='bbox 1475 2113 1501 2141; x_wconf 84' lang='lat' dir='ltr'>p.</span> <span class='ocrx_word' id='word_1_318' title='bbox 1521 2103 1569 2130; x_wconf 49' lang='lat'>11&#39;11&#39;4</span> <span class='ocrx_word' id='word_1_319' title='bbox 1588 2113 1651 2131; x_wconf 93' lang='lat' dir='ltr'>cum</span> <span class='ocrx_word' id='word_1_320' title='bbox 1673 2103 1772 2142; x_wconf 76' lang='lat' dir='ltr'>figuris</span> 
     </span>
     <span class='ocr_line' id='line_1_32' title="bbox 200 2152 1771 2190; baseline 0 -8"><span class='ocrx_word' id='word_1_321' title='bbox 200 2154 333 2189; x_wconf 49' lang='lat'>21—21&#39;1,</span> <span class='ocrx_word' id='word_1_322' title='bbox 351 2159 380 2181; x_wconf 85' lang='lat' dir='ltr'>et</span> <span class='ocrx_word' id='word_1_323' title='bbox 394 2153 442 2181; x_wconf 80' lang='lat' dir='ltr'>Th</span> <span class='ocrx_word' id='word_1_324' title='bbox 453 2159 548 2181; x_wconf 88' lang='lat' dir='ltr'>uret:</span> <span class='ocrx_word' id='word_1_325' title='bbox 574 2152 754 2181; x_wconf 68' lang='lat' dir='ltr'>Reclierclies</span> <span class='ocrx_word' id='word_1_326' title='bbox 775 2163 824 2181; x_wconf 88' lang='lat' dir='ltr'>sur</span> <span class='ocrx_word' id='word_1_327' title='bbox 847 2152 871 2180; x_wconf 83' lang='lat' dir='ltr'>la</span> <span class='ocrx_word' id='word_1_328' title='bbox 886 2152 1071 2181; x_wconf 72' lang='lat' dir='ltr'>secondation</span> <span class='ocrx_word' id='word_1_329' title='bbox 1087 2152 1134 2180; x_wconf 83' lang='lat' dir='ltr'>des</span> <span class='ocrx_word' id='word_1_330' title='bbox 1150 2152 1291 2181; x_wconf 52' lang='lat' dir='ltr'>Fucactsses</span> <span class='ocrx_word' id='word_1_331' title='bbox 1309 2153 1400 2190; x_wconf 78' lang='lat' dir='ltr'>(Anu.</span> <span class='ocrx_word' id='word_1_332' title='bbox 1416 2153 1442 2182; x_wconf 85' lang='lat' dir='ltr'>d.</span> <span class='ocrx_word' id='word_1_333' title='bbox 1459 2164 1498 2181; x_wconf 88' lang='lat' dir='ltr'>se.</span> <span class='ocrx_word' id='word_1_334' title='bbox 1522 2159 1579 2181; x_wconf 83' lang='lat' dir='ltr'>nat.</span> <span class='ocrx_word' id='word_1_335' title='bbox 1593 2154 1640 2181; x_wconf 25' lang='lat'>*2¹⁰0</span> <span class='ocrx_word' id='word_1_336' title='bbox 1656 2154 1718 2183; x_wconf 82' lang='lat' dir='ltr'>Ser.</span> <span class='ocrx_word' id='word_1_337' title='bbox 1734 2155 1771 2182; x_wconf 93' lang='lat'>11.</span> 
     </span>
     <span class='ocr_line' id='line_1_33' title="bbox 201 2204 644 2240; baseline -0.007 -5"><span class='ocrx_word' id='word_1_338' title='bbox 201 2211 268 2234; x_wconf 73' lang='lat'>1855</span> <span class='ocrx_word' id='word_1_339' title='bbox 285 2215 348 2232; x_wconf 82' lang='lat' dir='ltr'>cum</span> <span class='ocrx_word' id='word_1_340' title='bbox 365 2204 420 2232; x_wconf 83' lang='lat' dir='ltr'>tab.</span> <span class='ocrx_word' id='word_1_341' title='bbox 441 2209 479 2232; x_wconf 64' lang='grc' dir='ltr'>ιε.</span> <span class='ocrx_word' id='word_1_342' title='bbox 498 2211 527 2233; x_wconf 63' lang='lat'>15</span> <span class='ocrx_word' id='word_1_343' title='bbox 544 2210 572 2232; x_wconf 81' lang='lat' dir='ltr'>et</span> <span class='ocrx_word' id='word_1_344' title='bbox 591 2205 644 2240; x_wconf 66' lang='lat' dir='ltr'>isa).</span> 
     </span>
    </p>

    <p class='ocr_par' dir='ltr' id='par_1_11' title="bbox 198 2249 1773 2499">
     <span class='ocr_line' id='line_1_34' title="bbox 339 2249 1772 2294; baseline 0.001 -11"><span class='ocrx_word' id='word_1_345' title='bbox 339 2255 370 2283; x_wconf 95' lang='lat' dir='ltr'>P.</span> <span class='ocrx_word' id='word_1_346' title='bbox 392 2261 433 2284; x_wconf 81' lang='lat'>15.</span> <span class='ocrx_word' id='word_1_347' title='bbox 448 2255 546 2284; x_wconf 89' lang='lat' dir='ltr'>adnot.</span> <span class='ocrx_word' id='word_1_348' title='bbox 558 2249 605 2292; x_wconf 79' lang='lat'>(⁵)</span> <span class='ocrx_word' id='word_1_349' title='bbox 619 2256 665 2283; x_wconf 88' lang='lat' dir='ltr'>De</span> <span class='ocrx_word' id='word_1_350' title='bbox 680 2254 952 2294; x_wconf 80' lang='lat' dir='ltr'>spermatogouidiis</span> <span class='ocrx_word' id='word_1_351' title='bbox 968 2253 1246 2292; x_wconf 79' lang='lat' dir='ltr'>(spermatozoidiis)</span> <span class='ocrx_word' id='word_1_352' title='bbox 1262 2254 1460 2282; x_wconf 82' lang='lat' dir='ltr'>Floridearum</span> <span class='ocrx_word' id='word_1_353' title='bbox 1478 2265 1568 2293; x_wconf 89' lang='lat' dir='ltr'>nuper</span> <span class='ocrx_word' id='word_1_354' title='bbox 1587 2266 1701 2294; x_wconf 87' lang='lat' dir='ltr'>quoque</span> <span class='ocrx_word' id='word_1_355' title='bbox 1716 2256 1772 2285; x_wconf 89' lang='lat' dir='ltr'>dis-</span> 
     </span>
     <span class='ocr_line' id='line_1_35' title="bbox 199 2304 1773 2345; baseline 0.001 -10"><span class='ocrx_word' id='word_1_356' title='bbox 199 2306 290 2335; x_wconf 85' lang='lat' dir='ltr'>seruit</span> <span class='ocrx_word' id='word_1_357' title='bbox 304 2311 426 2334; x_wconf 84' lang='lat' dir='ltr'>accurat.</span> <span class='ocrx_word' id='word_1_358' title='bbox 455 2305 556 2334; x_wconf 81' lang='lat' dir='ltr'>Thur</span> <span class='ocrx_word' id='word_1_359' title='bbox 570 2312 617 2334; x_wconf 88' lang='lat' dir='ltr'>et:</span> <span class='ocrx_word' id='word_1_360' title='bbox 637 2306 726 2335; x_wconf 82' lang='lat' dir='ltr'>Reeh.</span> <span class='ocrx_word' id='word_1_361' title='bbox 742 2317 791 2334; x_wconf 86' lang='lat' dir='ltr'>sur</span> <span class='ocrx_word' id='word_1_362' title='bbox 810 2305 834 2333; x_wconf 88' lang='lat' dir='ltr'>la</span> <span class='ocrx_word' id='word_1_363' title='bbox 854 2305 967 2334; x_wconf 63' lang='lat' dir='ltr'>second.</span> <span class='ocrx_word' id='word_1_364' title='bbox 989 2305 1015 2332; x_wconf 85' lang='lat' dir='ltr'>d.</span> <span class='ocrx_word' id='word_1_365' title='bbox 1030 2305 1131 2333; x_wconf 84' lang='lat' dir='ltr'>Fucac.</span> <span class='ocrx_word' id='word_1_366' title='bbox 1142 2310 1170 2332; x_wconf 88' lang='lat' dir='ltr'>et</span> <span class='ocrx_word' id='word_1_367' title='bbox 1183 2304 1222 2333; x_wconf 85' lang='lat' dir='ltr'>les</span> <span class='ocrx_word' id='word_1_368' title='bbox 1237 2305 1411 2334; x_wconf 65' lang='lat' dir='ltr'>antlieridics</span> <span class='ocrx_word' id='word_1_369' title='bbox 1426 2306 1473 2334; x_wconf 90' lang='lat' dir='ltr'>des</span> <span class='ocrx_word' id='word_1_370' title='bbox 1487 2305 1596 2345; x_wconf 77' lang='lat' dir='ltr'>Algues</span> <span class='ocrx_word' id='word_1_371' title='bbox 1610 2317 1666 2334; x_wconf 88' lang='lat' dir='ltr'>sec.</span> <span class='ocrx_word' id='word_1_372' title='bbox 1683 2308 1773 2345; x_wconf 80' lang='lat' dir='ltr'>partie</span> 
     </span>
     <span class='ocr_line' id='line_1_36' title="bbox 199 2356 1772 2396; baseline 0.001 -10"><span class='ocrx_word' id='word_1_373' title='bbox 199 2360 278 2394; x_wconf 87' lang='lat' dir='ltr'>(ann.</span> <span class='ocrx_word' id='word_1_374' title='bbox 296 2357 321 2385; x_wconf 85' lang='lat' dir='ltr'>d.</span> <span class='ocrx_word' id='word_1_375' title='bbox 335 2367 374 2385; x_wconf 88' lang='lat' dir='ltr'>sc.</span> <span class='ocrx_word' id='word_1_376' title='bbox 387 2362 444 2385; x_wconf 82' lang='lat' dir='ltr'>nat.</span> <span class='ocrx_word' id='word_1_377' title='bbox 458 2358 505 2385; x_wconf 62' lang='lat' dir='ltr'>sime</span> <span class='ocrx_word' id='word_1_378' title='bbox 519 2367 572 2385; x_wconf 89' lang='lat' dir='ltr'>ser.</span> <span class='ocrx_word' id='word_1_379' title='bbox 587 2357 641 2385; x_wconf 87' lang='lat' dir='ltr'>III.</span> <span class='ocrx_word' id='word_1_380' title='bbox 662 2363 726 2386; x_wconf 75' lang='lat'>1855</span> <span class='ocrx_word' id='word_1_381' title='bbox 743 2368 806 2385; x_wconf 90' lang='lat' dir='ltr'>cum</span> <span class='ocrx_word' id='word_1_382' title='bbox 822 2356 878 2385; x_wconf 88' lang='lat' dir='ltr'>tab.</span> <span class='ocrx_word' id='word_1_383' title='bbox 895 2356 997 2391; x_wconf 73' lang='lat' dir='ltr'>2—J1).</span> <span class='ocrx_word' id='word_1_384' title='bbox 1026 2356 1222 2384; x_wconf 85' lang='lat' dir='ltr'>Floridearum</span> <span class='ocrx_word' id='word_1_385' title='bbox 1237 2357 1344 2395; x_wconf 86' lang='lat' dir='ltr'>species</span> <span class='ocrx_word' id='word_1_386' title='bbox 1361 2362 1391 2385; x_wconf 72' lang='lat' dir='ltr'>Sj</span> <span class='ocrx_word' id='word_1_387' title='bbox 1409 2367 1423 2384; x_wconf 95' lang='lat' dir='ltr'>c</span> <span class='ocrx_word' id='word_1_388' title='bbox 1439 2357 1592 2396; x_wconf 85' lang='lat' dir='ltr'>generibus</span> <span class='ocrx_word' id='word_1_389' title='bbox 1607 2364 1640 2386; x_wconf 63' lang='lat'>35</span> <span class='ocrx_word' id='word_1_390' title='bbox 1657 2357 1772 2395; x_wconf 83' lang='lat' dir='ltr'>indicat,</span> 
     </span>
     <span class='ocr_line' id='line_1_37' title="bbox 198 2407 1772 2447; baseline 0.003 -11"><span class='ocrx_word' id='word_1_391' title='bbox 198 2419 321 2447; x_wconf 85' lang='lat' dir='ltr'>quorum</span> <span class='ocrx_word' id='word_1_392' title='bbox 336 2407 495 2436; x_wconf 81' lang='lat' dir='ltr'>antheridia</span> <span class='ocrx_word' id='word_1_393' title='bbox 509 2407 652 2446; x_wconf 84' lang='lat' dir='ltr'>hucusque</span> <span class='ocrx_word' id='word_1_394' title='bbox 668 2408 817 2436; x_wconf 79' lang='lat' dir='ltr'>observata</span> <span class='ocrx_word' id='word_1_395' title='bbox 832 2413 907 2443; x_wconf 72' lang='lat' dir='ltr'>sunt,</span> <span class='ocrx_word' id='word_1_396' title='bbox 926 2407 1027 2445; x_wconf 85' lang='lat' dir='ltr'>quibus</span> <span class='ocrx_word' id='word_1_397' title='bbox 1043 2407 1174 2446; x_wconf 83' lang='lat' dir='ltr'>equidem</span> <span class='ocrx_word' id='word_1_398' title='bbox 1189 2409 1484 2443; x_wconf 68' lang='lat' dir='ltr'>Batraclzospermum</span> <span class='ocrx_word' id='word_1_399' title='bbox 1498 2408 1596 2436; x_wconf 77' lang='lat' dir='ltr'>addam</span> <span class='ocrx_word' id='word_1_400' title='bbox 1612 2408 1645 2437; x_wconf 81' lang='lat' dir='ltr'>ab</span> <span class='ocrx_word' id='word_1_401' title='bbox 1655 2416 1772 2440; x_wconf 83' lang='lat' dir='ltr'>auctore</span> 
     </span>
     <span class='ocr_line' id='line_1_38' title="bbox 200 2458 1770 2499; baseline 0 -10"><span class='ocrx_word' id='word_1_402' title='bbox 200 2466 321 2499; x_wconf 86' lang='lat' dir='ltr'>propter</span> <span class='ocrx_word' id='word_1_403' title='bbox 341 2458 464 2487; x_wconf 85' lang='lat' dir='ltr'>Nemalii</span> <span class='ocrx_word' id='word_1_404' title='bbox 484 2458 700 2488; x_wconf 84' lang='lat' dir='ltr'>similitudinem</span> <span class='ocrx_word' id='word_1_405' title='bbox 727 2458 868 2487; x_wconf 87' lang='lat' dir='ltr'>Florideis</span> <span class='ocrx_word' id='word_1_406' title='bbox 884 2458 1068 2497; x_wconf 84' lang='lat' dir='ltr'>adscriptum.</span> <span class='ocrx_word' id='word_1_407' title='bbox 1097 2459 1130 2487; x_wconf 88' lang='lat' dir='ltr'>In</span> <span class='ocrx_word' id='word_1_408' title='bbox 1144 2460 1179 2486; x_wconf 84' lang='grc' dir='ltr'>Β.</span> <span class='ocrx_word' id='word_1_409' title='bbox 1201 2463 1408 2487; x_wconf 75' lang='lat' dir='ltr'>coerulescente</span> <span class='ocrx_word' id='word_1_410' title='bbox 1423 2460 1501 2498; x_wconf 81' lang='lat' dir='ltr'>Bory</span> <span class='ocrx_word' id='word_1_411' title='bbox 1517 2465 1546 2487; x_wconf 89' lang='lat' dir='ltr'>et</span> <span class='ocrx_word' id='word_1_412' title='bbox 1564 2461 1600 2488; x_wconf 88' lang='lat' dir='ltr'>B.</span> <span class='ocrx_word' id='word_1_413' title='bbox 1615 2462 1770 2489; x_wconf 68' lang='lat' dir='ltr'>Suevorum</span> 
     </span>
    </p>
   </div>
   <div class='ocr_carea' id='block_1_6' title="bbox 1452 2516 1485 2552">
    <p class='ocr_par' dir='ltr' id='par_1_12' title="bbox 1452 2516 1485 2552">
     <span class='ocr_line' id='line_1_39' title="bbox 1452 2516 1485 2552; baseline 0 0"><span class='ocrx_word' id='word_1_414' title='bbox 1452 2516 1485 2552; x_wconf 90' lang='lat' dir='ltr'>O</span> 
     </span>
    </p>
   </div>
  </div>
 </body>
</html>
