2225 3020
973 222 1018 259 71

211 333 325 362 ferioris
341 332 479 361 momenti
493 336 588 360 notam
605 341 665 359 esse
680 329 794 369 quidem
809 329 945 365 adfirmat,
961 330 1019 366 sed,
1034 329 1200 358 melioribus
1215 341 1329 369 quoque
1345 330 1420 359 notis
1433 341 1465 358 ex
1487 336 1566 368 parte
1587 329 1735 370 neglectis,
1749 330 1783 358 ad

210 384 292 412 ritam
308 384 466 423 specierum
482 382 679 410 limitationem
696 387 724 409 et
741 381 939 420 synonymiam
956 381 1146 409 extricandam
1162 391 1220 409 non
1239 381 1358 409 multum
1374 381 1540 409 contribuit.
1568 381 1684 420 Species
1698 380 1783 409 habet

211 437 228 464 6
243 435 368 469 (exclusa
382 434 601 469 stam-agema),
616 432 764 471 plerasque
779 432 887 460 mixtas.
929 433 1000 460 Item
1017 432 1051 460 cl.
1068 432 1113 460 Ra
1126 432 1131 460 Ι
1143 432 1170 460 fs
1186 432 1350 460 cellularum
1366 443 1514 460 numerum
1530 432 1558 460 in
1575 432 1671 460 eadem
1687 432 1781 470 specie

210 486 317 514 varium
333 485 441 513 offendi
457 494 471 512 e
488 484 611 523 propriis
628 489 656 511 et
671 483 786 511 Ienneri
802 483 1050 511 observationibus
1067 478 1312 520 confirmavit(¹)‚
1327 482 1375 510 sed
1391 482 1418 510 in
1435 484 1548 521 propria
1564 483 1705 511 sententia
1721 493 1780 512 non

208 537 275 565 satis
291 535 491 575 perseveravit.
520 536 553 563 In
570 545 656 573 opere
672 534 775 563 eximio
796 534 830 562 de
845 534 1048 562 Desmidiaceis
1064 534 1231 561 Britanniae
1246 536 1293 569 (28
1305 534 1345 569 ’19)
1362 534 1470 572 species
1485 540 1633 562 enumerat
1652 542 1691 569 11,
1712 544 1781 572 qua-

209 599 270 616 rum
287 593 354 622 tres,
382 586 547 615 cellularum
570 596 690 614 numero
707 590 815 613 tantum
840 585 934 621 fultae,
961 585 994 613 ad
1014 584 1079 613 alias
1104 583 1281 612 revocandae
1301 589 1368 612 sunt
1396 587 1442 621 (P.
1458 588 1643 620 Napolemn's,
1668 587 1782 622 Taras,

208 640 372 674 heptat-tis).
401 638 435 665 In
450 637 558 666 Kiitzi
570 637 646 676 ngii
669 636 878 665 recentioribus
894 636 1028 675 operibus
1047 635 1154 674 species
1177 635 1211 663 ad
1227 634 1391 663 cellularum
1408 634 1525 663 sormam
1541 636 1671 674 inprimis
1687 636 1781 664 ‹leter-

208 690 364 724 minantur,
384 699 516 724 numero,
531 694 562 716 ut
577 698 626 726 par
641 693 691 723 est,
706 687 842 726 seposito.
868 688 900 715 In
917 697 1005 725 opere
1020 686 1158 724 „Species
1174 685 1330 725 Algarum''
1350 685 1461 722 (181'19),
1480 686 1588 714 incluso
1604 690 1781 722 Mamm-lino,

209 740 317 778 species
349 746 378 768 15
407 745 625 774 enumerantur,
652 739 727 767 inter
756 749 822 776 quas
851 738 1016 773 nonnullae,
1039 737 1209 765 differentiis
1238 736 1393 765 levioribus
1423 738 1604 775 (praesertim
1625 738 1780 774 cornuum)

209 791 370 826 distinctae,
388 791 524 826 infirmae,
538 789 617 825 aliae,
645 790 757 817 ratione
773 789 985 818 coniunctionis
1002 788 1166 817 cellularum
1183 798 1240 816 non
1255 788 1321 816 satis
1337 788 1438 823 habita,
1466 798 1481 816 e
1505 788 1631 826 pluribus
1647 788 1781 817 confusae

207 842 257 879 (P.
271 845 422 877 Selenaea,
448 844 483 869 P.
498 844 699 876 biradiatum).
742 841 786 869 (jl.
803 842 828 868 H
842 834 1011 875 assall(²’)
1040 839 1178 868 Pediastri
1207 839 1310 867 formas
1336 839 1509 878 complures,
1535 850 1602 877 quas
1625 840 1700 868 vivas
1721 840 1781 877 ipse

208 903 266 921 non
283 892 453 927 observavit,
475 892 509 920 ad
529 892 633 931 figuras
649 891 805 919 Ralssianas
824 897 852 919 et
866 891 1115 930 Ehrenbcrgianas
1131 890 1181 918 sub
1198 889 1361 918 nominibus
1378 890 1458 918 novis
1475 891 1635 929 proposuit,
1658 890 1781 928 indeque

206 943 374 975 formarum,
390 954 456 981 quas
468 943 577 982 species
594 943 686 977 babet,
702 954 850 971 numerum
867 942 900 970 ad
919 949 944 970 Η)
958 943 1042 970 auxit.
1059 942 1210 970 Maximum
1228 941 1352 979 denique
1366 941 1524 979 specierum
1541 941 1715 969 infirmarum
1728 952 1780 968 nu-

206 1006 314 1023 merum
331 995 418 1023 edidit
433 994 466 1022 cl.
485 994 534 1023 Co
546 1005 559 1022 r
569 994 608 1022 da
627 1000 690 1023 1835
706 1000 734 1021 et
752 988 882 1030 1839(³),
894 993 942 1031 qui
958 994 985 1021 in
998 1004 1106 1021 summa
1117 993 1225 1031 species
1237 998 1251 1020 3
1261 999 1280 1028 Ξ,
1292 992 1319 1020 in
1333 1002 1438 1031 genera
1451 1000 1464 1020 o
1478 992 1626 1031 dispersas,
1637 992 1781 1020 recensuit

206 1045 398 1085 plurimasque
410 1051 438 1073 et
453 1046 550 1085 figuris
567 1045 625 1081 (vix
640 1045 705 1073 satis
718 1045 836 1081 exactis)
848 1044 1008 1072 illustravit.
1024 1045 1145 1084 Magnus
1161 1043 1204 1072 hic
1219 1043 1376 1082 specierum
1389 1054 1402 1071 a
1415 1043 1449 1071 cl.
1461 1043 1556 1071 Corda
1570 1042 1780 1081 propositarum

205 1108 339 1125 numerus
351 1097 383 1124 ad
398 1097 510 1125 tertiam
527 1096 585 1124 fere
598 1102 706 1135 partem
720 1095 898 1124 reducendus
914 1095 983 1129 erit;
997 1095 1044 1123 sed
1058 1095 1133 1123 inter
1148 1094 1241 1133 plures
1257 1094 1324 1122 mihi
1340 1094 1436 1122 dubias
1448 1094 1602 1123 nonnullae
1612 1099 1705 1122 tamen
1716 1103 1782 1132 pro-

205 1148 293 1186 priae,
314 1148 379 1175 alias
395 1147 522 1176 nondum
539 1147 704 1176 observatae
721 1158 780 1175 esse
795 1147 936 1174 videntur.
958 1147 1034 1185 Ipse,
1050 1152 1198 1185 postquam
1216 1145 1402 1184 speciminum
1421 1151 1449 1174 et
1471 1145 1627 1174 formarum
1649 1155 1780 1184 magnam

206 1199 316 1237 copiam
336 1198 494 1234 observavi,
520 1198 554 1226 (le
574 1198 733 1237 specierum
749 1197 852 1225 finibus
872 1198 937 1225 satis
953 1203 1046 1225 certus
1062 1197 1089 1225 in
1106 1197 1203 1236 figuris
1219 1202 1367 1224 auctorum
1383 1196 1555 1235 explicandis
1571 1202 1599 1224 et
1612 1195 1781 1235 synonymia

205 1250 369 1278 extricauda
385 1249 514 1288 inprimis
536 1249 686 1282 desudavi3
714 1249 822 1287 species
838 1248 958 1277 omuino
976 1259 1074 1283 novas,
1103 1253 1216 1286 praeter
1234 1247 1384 1275 varietates
1402 1247 1446 1276 vel
1461 1247 1622 1286 subspecies
1638 1246 1782 1285 quasdam,

205 1311 265 1329 non
285 1300 386 1334 habeo,
409 1311 476 1339 quas
498 1300 607 1335 addam,
627 1300 675 1328 sed
698 1299 847 1338 plerasque
864 1299 967 1327 formas
982 1299 1113 1339 cognitas
1128 1299 1162 1327 ad
1177 1298 1320 1338 genuinos
1343 1303 1425 1337 typos
1448 1309 1597 1327 revocasse
1617 1304 1645 1326 et
1671 1297 1780 1337 specie-

205 1363 267 1380 rum
282 1351 409 1380 membra
425 1351 543 1380 disiecta
554 1351 705 1391 collegisse
720 1350 788 1378 mibi
805 1350 913 1379 videor.

628 1437 858 1467 Cellularum
879 1448 1052 1466 numerus
1075 1442 1111 1465 et
1131 1437 1350 1476 dispositio.

341 1502 440 1539 Quum
456 1502 577 1541 plurima
592 1502 622 1530 in
637 1502 805 1530 definIendis
820 1501 959 1530 Pedi-astri
974 1500 1122 1540 speciebus
1140 1506 1232 1529 errata
1247 1501 1313 1530 inde
1328 1506 1425 1529 exorta
1439 1501 1505 1537 sint,
1525 1501 1601 1540 quod
1617 1501 1781 1530 cellularum

204 1565 338 1584 numerus
354 1560 382 1582 et
397 1554 546 1592 dispositio
562 1553 645 1581 nimis
660 1553 756 1592 magni
771 1552 1014 1587 existimabantur,
1036 1562 1126 1590 pauca
1141 1551 1175 1580 de
1190 1551 1254 1591 lege
1270 1552 1429 1580 numeraria
1445 1557 1473 1580 et
1488 1552 1522 1580 de
1537 1552 1643 1592 regulis
1660 1552 1781 1590 disposi-

203 1606 301 1641 tionis,
328 1615 399 1643 quae
414 1605 442 1633 in
459 1603 607 1632 coenobiis
622 1603 703 1631 buius
719 1603 832 1643 generis
848 1602 1057 1631 constituendis
1073 1602 1178 1638 valent,
1205 1602 1314 1631 addam.
1340 1603 1400 1631 Lex
1424 1603 1584 1632 numeraria
1599 1603 1696 1631 eadem
1715 1614 1779 1631 om-

204 1656 287 1685 nibus
302 1655 451 1694 speciebus
467 1654 635 1689 communis,
662 1654 711 1682 sed
726 1664 860 1682 numerus
876 1654 936 1692 ipse
951 1654 1025 1681 intra
1040 1653 1141 1682 seriem
1164 1653 1320 1693 legitimam
1337 1659 1365 1682 et
1380 1654 1493 1692 quidem
1511 1654 1539 1682 in
1555 1665 1609 1682 una
1625 1654 1781 1692 eademque

205 1707 300 1746 specie
312 1707 374 1745 plus
391 1706 519 1734 minusve
534 1705 638 1739 variat;
655 1704 743 1745 magis
758 1705 841 1733 etiam
858 1704 1008 1743 dispositio
1024 1704 1177 1733 variationi
1193 1704 1318 1733 obnoxia
1332 1710 1383 1740 est,
1402 1705 1462 1743 pari
1478 1704 1642 1733 cellularum
1658 1715 1779 1733 numero

203 1759 233 1786 in
249 1758 346 1787 eadem
361 1757 456 1796 specie
473 1756 634 1791 multifaria,
649 1766 741 1794 eoque
757 1755 845 1795 magis
859 1755 968 1791 ludens,
994 1766 1050 1794 quo
1066 1755 1157 1783 maior
1173 1754 1337 1783 cellularum
1355 1766 1499 1784 numerus.
1528 1755 1573 1784 Ad
1589 1766 1724 1784 numeros
1739 1755 1780 1784 le-

204 1809 331 1850 gitimos,
354 1808 594 1847 multiplicatione
609 1807 716 1835 binaria
733 1813 825 1841 ortos,
845 1807 896 1835 Tu
908 1807 988 1845 rpin
1001 1818 1053 1842 us,
1079 1817 1248 1844 quamquam
1263 1806 1403 1835 Pediastri
1428 1807 1533 1836 formas
1558 1818 1658 1846 paucas
1681 1806 1780 1835 obser-

203 1860 321 1895 vaverit,
349 1859 456 1898 primus
484 1859 609 1887 animum
635 1858 758 1886 attendit
772 1852 838 1895 (⁴),
866 1863 996 1886 auctores
1017 1857 1203 1896 posteriores,
1224 1857 1272 1895 qui
1293 1857 1327 1886 de
1345 1857 1400 1886 boc
1421 1868 1528 1898 genere
1544 1864 1675 1898 egerunt,
1695 1857 1781 1886 cellu-

203 1911 293 1939 larum
310 1921 445 1939 numeros
466 1910 558 1938 minus
585 1909 659 1938 bene
685 1914 900 1948 perspexerunt,
928 1914 1041 1947 praeter
1067 1907 1283 1948 N‘agelium,
1310 1909 1357 1947 qui
1372 1914 1401 1937 et
1414 1909 1526 1938 numeri
1541 1915 1569 1938 et
1582 1908 1780 1948 dispositionis

203 1972 333 1991 normam
349 1961 457 2000 optime
471 1954 668 1998 tractavit(⁵).
695 1960 890 1988 Numerorum
905 1959 1101 1999 legitimorum
1117 1959 1203 1988 series

653 2017 677 2039 1.
730 2016 756 2039 2.
809 2010 835 2039 4.
890 2017 913 2040 s.
969 2013 1010 2040 16.
1063 2016 1108 2039 32.
1162 2011 1206 2039 64.
1262 2016 1321 2039 128.

280 2125 330 2166 (¹)
357 2128 430 2156 Brit.
445 2127 574 2156 Desmid.
590 2138 618 2166 p.
637 2134 695 2156 181.

280 2185 328 2230 (²)
356 2190 466 2220 Hassall
481 2191 554 2220 Brit.
570 2190 739 2219 sreshwater
754 2189 845 2230 Algae
862 2190 939 2219 1845.

281 2249 330 2292 (³)
357 2255 406 2283 In:
421 2254 466 2283 De
482 2253 586 2292 Carro,
600 2253 758 2283 Almanach
772 2254 806 2282 de
822 2253 968 2289 Carlsbad,
989 2258 1056 2282 1835
1076 2258 1105 2281 et
1119 2257 1197 2284 1839.

281 2312 330 2356 (⁴)
356 2318 479 2356 Turpin,
504 2329 553 2348 sur
579 2318 605 2347 le
632 2317 754 2346 nombre
780 2318 862 2353 deux,
889 2316 1040 2346 considere
1066 2326 1178 2345 comme
1194 2315 1417 2355 multiplicateur
1431 2317 1466 2346 de
1481 2317 1506 2353 lt,
1526 2323 1551 2353 8,
1569 2322 1611 2353 12,
1627 2319 1669 2354 16,
1683 2322 1729 2354 32,
1743 2317 1779 2347 64

205 2369 273 2399 dans
288 2369 313 2397 la
326 2374 470 2398 structure
485 2369 532 2398 des
546 2368 687 2409 vegetaux
701 2368 804 2406 (Mem.
819 2369 856 2398 du
870 2369 942 2398 Mus.
958 2367 1050 2397 d'hist.
1066 2373 1123 2397 nat.
1138 2368 1217 2397 XVI.
1240 2368 1340 2406 (1828)
1355 2379 1381 2407 p.
1397 2373 1459 2400 295.
1475 2373 1538 2406 318,
1557 2367 1606 2397 ubi
1618 2370 1777 2398 Helierellis

205 2420 323 2450 cellulae
338 2426 362 2456 8,
379 2425 411 2448 12
427 2418 472 2448 vel
492 2422 523 2448 16
544 2419 768 2458 adscribuntur).

281 2477 330 2522 (⁵)
357 2482 440 2511 Einz.
454 2481 550 2523 Algen
569 2493 596 2522 p.
610 2488 654 2515 92.
668 2489 713 2516 93.
