2225 3020
990 236 1038 271 69

227 349 256 373 et
278 350 388 373 motum
408 344 602 373 turbulentum
625 343 697 371 haud
720 342 800 372 facile
820 342 1059 379 determinandus,
1082 344 1224 379 minimus,
1246 350 1277 372 ut
1295 344 1362 373 mihi
1378 345 1501 381 videtur,
1528 346 1572 382 6³1,
1589 344 1797 386 vulgatissimus

226 395 322 424 forsan
342 402 398 425 123.
430 396 475 424 De
490 395 564 423 exitu
584 400 611 423 et
625 394 705 423 obitu
719 394 995 434 microgonidiorum
1012 395 1083 423 certi
1098 395 1165 434 quid
1180 395 1328 423 adfirmare
1344 406 1463 433 nequeo.

808 479 927 508 Locus
949 480 1215 519 systematicus.

361 542 570 567 Diatomaceae
585 545 613 568 et
626 541 858 575 Desmideacene,
874 545 967 568 utrum
984 539 1113 568 animalia
1129 540 1195 575 sint,
1211 550 1246 567 an
1262 539 1385 577 plantae,
1403 539 1522 568 multum
1538 540 1725 580 disceptatum
1746 546 1799 578 est,

227 591 304 620 cuius
319 590 492 629 quaestionis
512 590 643 629 spinosae
663 590 721 618 sere
736 596 764 618 et
785 590 944 619 fastidiosae
960 590 1140 618 difficultates
1163 600 1221 618 non
1245 596 1320 624 sunt,
1348 601 1414 628 quas
1434 596 1562 626 tractem,
1578 603 1662 629 quum
1679 592 1798 620 demon-

225 647 314 670 strare
330 642 425 680 potius
441 641 467 669 in
483 641 578 669 animo
594 641 639 675 sit,
655 641 830 669 Pediastrum
847 653 909 670 cum
927 642 1002 670 hisce
1018 641 1129 669 familiis
1149 641 1266 669 arctiori
1289 640 1425 669 affinitate
1441 641 1556 670 minime
1578 643 1703 670 iunctum
1727 653 1796 672 esse.

227 692 271 721 Cl.
288 693 412 732 Meyen
428 693 528 729 (1829)
545 692 692 720 Pediastro
706 703 758 720 suo
774 699 881 721 certum
898 693 925 720 in
940 693 1074 732 Algarum
1090 697 1243 731 systemate
1258 691 1352 720 locum
1368 692 1517 731 adsignare
1533 693 1641 727 noluit,
1657 693 1690 721 cl.
1706 694 1797 721 Kut-

225 744 311 783 zing
325 743 352 771 in
369 743 485 782 synopsi
499 743 713 772 Diatomearum
730 744 830 780 (1535)
852 738 1150 780 „Micrasteriam''(¹)
1166 746 1328 771 Dialomeis
1342 745 1550 770 Desmz'diaceis
1567 744 1701 778 inseram
1718 744 1797 773 simi-

225 794 280 823 lem
296 795 371 822 inter
391 796 581 822 Bacillarieas
598 794 701 829 locum,
716 797 844 822 Euastro
861 795 1083 829 conterminum,
1099 794 1164 822 huie
1180 794 1279 834 generi
1294 793 1332 822 ill.
1349 794 1371 821 E
1383 793 1423 823 hr
1435 793 1499 822 enb
1510 804 1571 833 erg
1587 795 1613 822 in
1630 806 1797 834 opensupr.

224 845 298 874 laud.
314 846 408 882 (1833.
427 846 508 881 1333)
528 845 665 873 attribuit.
694 845 792 874 Secuti
812 852 880 874 sunt
899 851 1029 874 auctores
1052 845 1198 884 plerique,
1217 845 1250 873 ad
1277 845 1463 873 novissimum
1486 850 1596 883 tempus
1620 846 1798 874 Pediastrum

224 898 431 924 Desmidiaceis
446 895 633 932 vindicantes,
654 896 729 924 inter
744 907 815 934 quos
830 897 859 924 M
870 896 1042 936 eneghini
1063 897 1164 933 (1830)
1185 901 1213 924 et
1228 896 1253 924 R
1264 896 1330 924 alfs
1347 896 1442 933 (18411,
1460 896 1552 932 1848).
1582 896 1752 935 Kiitzingius
1767 897 1798 925 in

224 947 433 976 recentioribus
448 957 564 985 quoque
583 946 718 986 operibus
732 947 880 976 Pediastro
895 947 988 976 locum
1005 948 1080 975 inter
1096 947 1343 986 Chamaephyceas
1357 950 1539 974 Desmidieas
1554 946 1678 975 servavit
1697 947 1797 985 (Spec-

223 998 290 1038 Alg.
308 998 400 1034 1849).
433 997 477 1026 Cl.
496 998 611 1027 Corda
627 1000 722 1035 (1835,
742 1000 831 1034 1839),
846 1010 860 1027 a
875 998 991 1037 reliquis
1007 998 1170 1026 auctoribus
1186 998 1344 1033 discedens,
1360 998 1466 1026 tribum
1481 997 1633 1026 Pediastris
1648 998 1797 1036 proprium

224 1049 388 1089 incongruo
403 1052 614 1077 Euastrearum
631 1050 748 1078 nomine
763 1050 927 1084 constituit;
955 1060 1007 1078 am.
1022 1050 1047 1078 N
1058 1049 1153 1089 'ageli
1170 1044 1349 1087 denique(²)
1364 1052 1562 1081 Pedi'astreas,
1585 1059 1702 1087 quarum
1717 1059 1798 1078 veras

222 1099 373 1128 affinitates
388 1100 495 1139 primus
510 1101 661 1140 perspexit,
676 1111 731 1128 una
746 1112 809 1129 cum
828 1104 991 1128 Char-aciei}-
1007 1100 1152 1140 proximis,
1166 1100 1369 1129 subdivisionis
1381 1100 1521 1140 dignitate
1537 1099 1570 1128 ad
1584 1102 1794 1128 Palmellaceas

223 1151 330 1180 retulit.

363 1201 539 1230 Pediastrum
554 1202 759 1230 Desmidiaceis
781 1202 903 1230 alienum
920 1212 989 1238 esse,
1013 1202 1222 1242 propagatione
1237 1202 1363 1242 cognita,
1382 1207 1458 1230 extra
1474 1201 1590 1230 dubium
1606 1207 1659 1231 est.
1684 1201 1798 1230 Desmi-

224 1253 336 1281 diaceae
351 1259 464 1291 praeter
479 1253 716 1293 propagationem
734 1264 784 1291 per
797 1264 895 1292 sporas
909 1253 1093 1292 copulatione
1109 1253 1242 1281 formatas
1258 1253 1423 1281 cellularum
1446 1244 1586 1281 divisione
1606 1252 1798 1289 transversali,

222 1314 335 1343 semper
351 1304 447 1332 eadem
467 1304 626 1332 directione
641 1304 761 1342 repetita
777 1304 1012 1343 multiplicantur,
1035 1304 1207 1342 cellulasque
1229 1304 1388 1332 dimidiatas
1410 1304 1443 1332 ad
1464 1304 1579 1332 modum
1596 1303 1660 1332 huic
1675 1303 1798 1332 familiae

224 1355 371 1394 proprium
388 1355 601 1394 redintegrant;
624 1355 813 1390 Pediastrum,
839 1361 867 1383 et
890 1355 1073 1394 copulatione
1096 1361 1124 1383 et
1144 1355 1285 1383 divisione
1306 1354 1470 1383 cellularum
1492 1365 1599 1390 carens,
1622 1354 1798 1394 zoogonidia

222 1405 342 1444 profert,
358 1416 428 1444 quae
442 1406 647 1434 Desmidiaceis
675 1408 778 1444 (aeque
792 1416 823 1433 ac
838 1406 1059 1445 Zygneniaceis)
1089 1406 1209 1434 omnino
1225 1406 1322 1434 deesse
1338 1400 1541 1443 videntur(³).
1583 1405 1797 1434 Desmidiaceae

221 1462 269 1485 aut
284 1456 433 1485 evidenter
445 1456 685 1491 multicellulares‚
701 1462 748 1484 aut
763 1456 926 1484 cellularum
942 1456 1145 1496 segregatione
1160 1456 1487 1495 pseudounicellulares;
1504 1456 1680 1485 Pediastrum
1696 1467 1711 1484 e
1726 1467 1797 1485 con-

221 1507 310 1536 trario
326 1507 428 1546 Algam
444 1507 519 1535 sistit
533 1518 632 1536 revera
647 1507 871 1543 unicellularem,
887 1508 1100 1536 individuorum
1117 1518 1247 1536 connexu
1262 1507 1630 1546 pseudomulticellularem.
1673 1507 1798 1536 Cellula-

221 1569 284 1587 rum
300 1558 420 1586 familiae
436 1558 463 1586 in
478 1558 684 1586 Desmidiaceis
698 1568 811 1596 semper
832 1558 1008 1593 uniserialeS,
1036 1558 1182 1586 filiformes
1197 1558 1242 1587 vel
1260 1559 1495 1593 taeniaesormes3
1522 1559 1661 1587 Pediastri
1689 1569 1798 1588 coeno-

221 1609 267 1637 bia
288 1609 317 1637 in
337 1609 452 1648 planum
477 1619 606 1647 expansa,
630 1608 803 1637 discisormia
818 1609 862 1637 vel
879 1608 1087 1637 srondisormia.
1131 1609 1214 1646 Quae
1229 1621 1314 1647 quum
1331 1609 1367 1637 ita
1383 1610 1450 1646 sint,
1472 1620 1577 1649 genera
1593 1610 1741 1638 Pediastro
1756 1609 1797 1638 af-

221 1660 287 1688 finia
302 1670 360 1688 non
376 1659 451 1687 inter
464 1659 684 1695 Desmidiaceas,
698 1659 747 1687 sed
762 1659 837 1687 inter
846 1658 932 1699 Algas
947 1660 1084 1688 strictiori
1099 1670 1183 1688 sensu
1198 1660 1397 1689 unicellulares
1413 1671 1427 1689 e
1443 1671 1531 1700 grege
1546 1656 1796 1689 Palmellacearum

223 1712 265 1749 (p.
281 1712 329 1747 20)
345 1710 505 1749 quaerenda
521 1715 595 1738 sunt.
623 1709 854 1748 comparandum
871 1716 913 1738 est
928 1710 1057 1749 inprimis
1072 1713 1302 1747 Hydrodictyon,
1323 1711 1398 1739 inter
1418 1722 1523 1751 genera
1545 1711 1638 1750 quoad
1653 1722 1796 1751 propaga-

222 1762 330 1790 tionem
347 1761 412 1790 satis
428 1761 544 1801 cognita
558 1760 659 1796 solum,
674 1761 750 1799 quod
771 1760 904 1789 coenobii
921 1761 1093 1790 formatione
1113 1772 1127 1789 e
1148 1762 1333 1801 gonidiorum
1355 1762 1503 1790 mobilium
1519 1773 1649 1790 connexu
1665 1773 1728 1790 cum
1742 1762 1796 1791 Pe-

223 1812 328 1841 diastro
344 1814 512 1846 conveniat;
535 1818 563 1840 at
578 1812 694 1851 gonidia
711 1811 903 1851 Hydrodictyi
925 1812 1101 1848 simultanea‚
1129 1813 1268 1841 Pediastri
1283 1814 1474 1847 succedanea,
1499 1813 1564 1841 hinc
1580 1824 1684 1853 genera
1700 1813 1795 1852 potius

222 1863 352 1903 analoga,
368 1874 451 1902 quam
467 1862 568 1891 affinia.
586 1863 700 1892 Genera
720 1863 868 1891 Pediastro
884 1868 963 1891 certo
979 1864 1106 1902 proxime
1122 1869 1253 1903 cognata,
1268 1875 1282 1892 a
1296 1864 1419 1904 Nligelio
1435 1864 1485 1892 sub
1501 1864 1671 1893 Pediastreis
1687 1865 1795 1903 optime

223 1915 436 1954 comprehensa,
464 1914 531 1943 haec
558 1920 638 1942 sunt:
663 1917 834 1942 Sor-astrum
851 1909 952 1951 K.(⁴),
981 1918 1160 1942 Coelastrum
1188 1915 1274 1955 N'a'g„
1300 1918 1508 1943 Scenodesmus
1537 1916 1642 1954 Meyen
1664 1915 1796 1954 forteque

297 1999 345 2043 (¹)
374 2002 461 2031 Conf.
475 2013 558 2041 supra
573 2014 601 2042 p.
619 2004 662 2032 65.

298 2060 346 2103 (²)
374 2067 449 2107 Nfig.
466 2067 539 2095 einz.
553 2066 649 2106 Algen
665 2066 765 2104 (1849)
780 2077 807 2105 p.
823 2068 856 2095 63
872 2071 900 2094 et
915 2071 957 2095 82.

299 2123 347 2167 (³)
374 2130 419 2159 De
439 2130 622 2170 zoogonidiis
642 2130 901 2159 Desmidiacearum
925 2129 1121 2158 testimonium
1146 2135 1255 2159 certum
1284 2129 1392 2158 nullum
1414 2136 1540 2169 prostat;
1570 2130 1795 2168 observationes,

222 2191 289 2219 quas
309 2179 342 2208 cl.
357 2181 381 2209 R
394 2181 461 2209 alfs
483 2179 569 2220 (Brit.
585 2181 683 2210 Desm.
700 2192 726 2220 p.
742 2186 767 2212 9.
786 2184 830 2217 10)
852 2181 934 2210 nimis
949 2191 1030 2220 vage,
1051 2192 1104 2209 nec
1123 2181 1189 2209 satis
1212 2181 1287 2209 clare
1302 2181 1432 2220 protulit,
1454 2182 1550 2220 potius
1565 2181 1794 2221 pseudogonidia

223 2232 533 2271 („spermatophaeria”
560 2232 692 2272 Itzigs.),
723 2237 927 2260 contentorum
956 2232 1144 2260 dissolutione
1171 2238 1248 2267 orta,
1280 2231 1406 2260 indicare
1434 2232 1501 2260 mihi
1536 2232 1676 2260 videntur.
1706 2232 1793 2261 Conf.

222 2283 363 2322 Verjiing.
377 2294 403 2321 p.
419 2288 485 2317 30⁰3
500 2283 633 2323 Pringsh.
650 2284 678 2311 in
694 2283 779 2311 Flora
796 2288 874 2311 1852.
891 2294 917 2321 p.
935 2285 1002 2316 565;
1019 2282 1115 2322 Itzigs.
1131 2282 1177 2311 iib.
1193 2282 1220 2310 d.
1236 2283 1343 2311 m'zinnl.
1361 2283 1614 2322 Geschlechtsapp.
1630 2283 1675 2311 bei
1692 2283 1793 2322 Spiro-

222 2344 292 2374 gyra
309 2339 386 2362 1853.
402 2333 546 2362 Vesiculas
563 2334 729 2370 urceolatas,
745 2334 921 2374 zoogonidia
940 2333 1055 2361 minima
1070 2333 1259 2372 proferente5‚
1279 2344 1345 2371 quas
1361 2334 1396 2362 cl.
1412 2335 1483 2363 Foc
1494 2334 1509 2362 k
1520 2345 1534 2362 e
1550 2334 1578 2362 in
1595 2333 1683 2362 Clos
1694 2335 1792 2363 terio

223 2384 384 2413 observavit
408 2389 436 2412 et
454 2384 482 2412 in
519 2385 746 2425 congregatione
774 2391 830 2413 nat.
853 2396 912 2413 cur.
933 2384 1140 2425 Goettingensi
1162 2384 1326 2423 nuperrime
1349 2385 1565 2421 demonstravit,
1580 2385 1742 2424 parasiticas
1764 2391 1793 2415 et

226 2437 372 2472 Chytridi'o
389 2440 544 2472 endogeno,
560 2435 615 2464 alio
631 2436 695 2465 loco
711 2436 911 2472 describendo,
933 2436 1069 2464 identicas
1088 2435 1189 2464 habeo.

299 2493 346 2537 (⁴)
373 2501 598 2534 sphaerastrum
613 2500 717 2540 Meyen
734 2500 833 2538 (Kiitz.
850 2499 900 2539 Sp.
915 2498 982 2540 Alg.
998 2510 1026 2539 p.
1047 2500 1111 2538 19'1)
1139 2499 1234 2528 forsan
1250 2509 1283 2528 ex
1299 2505 1379 2538 parte
1393 2499 1447 2528 huc
1461 2499 1598 2538 pertinet,
1619 2499 1668 2529 sed
1682 2500 1791 2539 species
