2225 3020
1726 412 1788 519 ,ss->J⁴
1776 398 1780 402 ῃ

750 608 1209 658 INTRODUCTIO.

202 795 428 878 Rantarum
449 841 571 891 quoad
592 843 783 891 organismi
803 841 1049 878 evolutionem
1073 840 1289 884 infimarum,
1320 842 1482 890 inprimis
1502 841 1674 891 Algarum
1693 851 1765 879 stu-

201 906 300 941 dium
327 907 435 955 magis
460 907 644 955 magisque
664 905 822 940 cultores
841 906 1007 940 scientiae
1026 905 1214 939 botanicae
1234 903 1367 947 adlicit,
1396 912 1524 954 utpote
1544 905 1662 941 fontes
1680 920 1765 956 pro-

199 969 429 1004 fundissimos
454 971 629 1019 aperiens,
660 981 678 1004 e
699 969 830 1017 quibus
854 970 1021 1003 notiones
1040 969 1242 1018 primariae,
1266 975 1405 1002 tantum
1429 968 1473 1003 ad
1494 969 1767 1019 morphologiae

200 1041 235 1068 et
261 1033 506 1083 physiologiae
531 1032 736 1082 plantarum
760 1033 1035 1074 incrementum,
1067 1039 1242 1080 quantum
1267 1030 1311 1065 ad
1337 1039 1489 1081 systema
1508 1034 1607 1081 regni
1625 1041 1765 1082 vegeta-

199 1096 280 1131 bilis
299 1095 592 1131 constituendum
610 1097 841 1138 necessariae,
860 1094 1077 1130 hauriendae
1092 1094 1269 1129 videntur.
1298 1094 1380 1144 Ipse
1397 1108 1547 1144 quoque
1566 1098 1601 1130 in
1621 1095 1674 1131 his
1694 1104 1766 1132 stu·
1808 1134 1818 1144 ,

201 1159 277 1203 diis,
307 1167 481 1208 quantum
501 1159 613 1202 licuit,
643 1172 725 1193 cum
745 1171 866 1193 amore
886 1166 1044 1194 versatus
1065 1165 1099 1192 et
1117 1171 1347 1207 summopere
1368 1160 1406 1193 iis
1426 1161 1562 1207 gavisus
1581 1172 1671 1203 sum,
1702 1161 1767 1195 ob-

199 1225 417 1259 servationes
442 1222 614 1272 plurimas
640 1221 825 1271 colligens,
856 1235 1009 1270 quarum
1028 1234 1171 1270 paucas,
1202 1234 1294 1270 quae
1314 1221 1358 1256 ad
1378 1221 1486 1271 Algas
1505 1225 1666 1258 omnium
1685 1226 1767 1258 sim—

200 1287 409 1336 plicissimas
438 1288 600 1329 attinent,
634 1285 731 1320 hisce
760 1284 886 1319 litteris
914 1284 1065 1319 tradam.
1114 1283 1288 1333 Algarum
1319 1284 1467 1333 quidem
1498 1286 1768 1322 unicellula-

200 1352 310 1385 rium
330 1362 458 1398 genera
477 1348 666 1392 nonnulla,
689 1348 747 1384 vel
765 1361 869 1392 nova,
892 1347 951 1383 vel
970 1349 1087 1382 minus
1107 1349 1260 1396 cognita,
1292 1347 1470 1382 illustrare
1490 1350 1525 1383 in
1545 1351 1662 1384 animo
1682 1350 1770 1385 mihi

199 1421 262 1457 est,
297 1425 454 1462 quorum
486 1411 719 1461 descriptioni
750 1412 1019 1447 observationes
1048 1424 1179 1460 paucas
1210 1410 1254 1446 de
1281 1410 1381 1460 Algis
1407 1411 1706 1448 unicellularibus
1733 1415 1769 1448 in

198 1479 406 1513 universum
432 1477 662 1525 praemittere
688 1474 806 1510 liceat.

336 1539 483 1574 Plantae
508 1538 776 1582 unicellulares,
806 1545 928 1572 utrum
954 1551 1077 1573 revera
1104 1539 1254 1572 existant
1272 1550 1398 1581 necne,
1430 1541 1592 1587 quaestio
1614 1539 1699 1574 mihi
1717 1541 1767 1575 vi-

199 1604 304 1639 detur
323 1601 419 1637 haud
438 1601 524 1637 levis
544 1603 718 1636 momenti
737 1601 781 1635 ad
800 1600 1068 1649 intelligendam
1086 1609 1232 1636 naturae
1249 1600 1506 1650 gradationem,
1531 1603 1574 1636 ab
1590 1602 1767 1637 inferiori-

198 1669 265 1701 bus
280 1667 487 1715 organismis
503 1664 546 1699 ad
560 1666 765 1714 superiores
778 1663 1068 1704 adscendentem,
1084 1672 1118 1698 et
1132 1663 1368 1698 excolendam
1381 1667 1543 1714 inprimis
1554 1668 1653 1714 regni
1666 1679 1768 1715 vege-

199 1729 316 1765 tabilis
335 1728 534 1764 secundum
553 1727 683 1763 scalam
703 1735 850 1762 naturae
866 1740 1061 1776 congruam
1078 1726 1295 1776 disponendi
1310 1727 1535 1772 methodum,
1555 1731 1655 1763 cuius
1670 1731 1768 1778 prin-

199 1795 302 1843 cipia,
332 1805 447 1841 aeque
473 1805 512 1826 ac
536 1790 809 1841 perspiciendae
836 1798 871 1825 et
894 1793 960 1825 rite
986 1790 1259 1840 cognoscendae
1278 1791 1438 1840 singulae
1456 1791 1601 1841 plantae
1621 1792 1764 1836 indolis,

199 1871 242 1893 ex
267 1856 476 1892 evolutione
500 1857 710 1904 praesertim
735 1853 892 1904 petenda
916 1861 1011 1889 sunt.

338 1920 480 1954 Etenim
505 1920 701 1968 systematis
726 1917 895 1952 naturalis
921 1917 1126 1967 plantarum
1150 1919 1329 1961 notiones,
1361 1917 1476 1953 indies
1502 1921 1610 1968 magis
1637 1932 1766 1968 prove-

199 1992 287 2028 ctae,
315 1982 410 2018 haud
438 1981 588 2017 dubium
613 1980 839 2016 manifestant
862 1980 1146 2031 parallelismum
1172 1983 1265 2016 inter
1290 1983 1475 2030 primarias
1502 1984 1600 2031 regni
1627 1990 1766 2031 vegeta-

199 2047 280 2082 bilis
300 2046 490 2082 divisiones
511 2053 546 2081 et
563 2044 803 2094 morphoseos
821 2046 990 2079 stationes
1010 2043 1241 2094 principales,
1266 2044 1391 2093 quales
1411 2046 1446 2079 in
1466 2044 1681 2080 formatione
1698 2048 1767 2080 sin-

200 2110 302 2160 gulae
327 2109 470 2159 plantae
497 2116 531 2153 (e
551 2108 812 2158 perfectiorum
833 2107 969 2142 scilicet
987 2110 1093 2153 serie)
1119 2109 1363 2157 reperiuntur,
1392 2107 1550 2157 ideoque
1570 2108 1768 2157 analogiam

200 2181 332 2209 certam
358 2175 457 2222 regni
481 2171 688 2221 vegetabilis
714 2185 796 2206 cum
823 2170 981 2220 singulae
1003 2171 1147 2220 plantae
1168 2173 1370 2220 organismo
1390 2171 1617 2220 similemque
1636 2173 1766 2207 utrius-

200 2234 272 2286 que
298 2235 513 2271 evolutionis
538 2248 605 2285 per
630 2234 759 2284 gradus
783 2234 1013 2284 procedentis
1038 2234 1154 2283 legem
1178 2234 1349 2270 indicant.

340 2298 431 2334 Satis
450 2302 633 2348 cognitum
654 2306 717 2342 est,
740 2301 910 2348 primum,
935 2297 1037 2347 quod
1057 2299 1183 2341 oritur,
1209 2297 1353 2347 plantae
1372 2299 1548 2333 nascentis
1568 2311 1714 2347 germen
1733 2307 1768 2334 et

201 2362 475 2398 fundamentum
494 2375 627 2412 corpus
648 2375 722 2397 esse
741 2361 922 2397 uniforme
942 2369 976 2396 et
996 2360 1218 2404 indifferens,
1246 2369 1414 2396 externae
1436 2361 1573 2397 formae
1593 2375 1708 2411 aeque
1727 2375 1767 2398 ac

200 2428 330 2463 interni
355 2432 542 2461 contextus
567 2425 780 2461 differentiis
805 2424 880 2460 fere
905 2424 1026 2469 nullis,
1057 2424 1159 2474 quod
1182 2424 1331 2475 adparet
1358 2423 1454 2474 apud
1473 2423 1612 2474 plantas
1630 2425 1766 2475 phane-

1455 2487 1490 2522 A
