2225 3020
974 220 1017 254 41

356 321 526 362 Berolini⁷
544 322 580 354 in
599 320 703 354 fossis
722 319 868 355 turfosis
887 320 932 355 ad
957 321 1106 365 Moabit,
1131 321 1174 356 ad
1193 321 1334 371 plantas
1354 324 1543 371 aquaticas,
1563 335 1594 358 e.
1613 336 1664 372 gr.
1688 323 1774 359 folia

212 384 444 434 semiputrida
465 383 649 423 Caricam,
681 383 980 432 Potamogelonis
1007 390 1178 423 natantis,
1206 385 1330 432 Hypni
1347 386 1533 434 cuspiclati,
1552 399 1618 422 nee
1637 399 1710 421 non
1730 386 1775 421 ad

210 447 271 483 fila
295 446 586 495 Tolypothriclzis
606 446 800 489 flaccidaeq
817 449 946 496 passim
966 449 1001 482 in
1021 450 1204 482 consortio
1227 447 1402 482 Char-acie·
1420 449 1627 498 longipedis,
1643 450 1776 497 Ophio-

211 516 295 558 cytii
312 516 458 549 maioris
485 517 518 545 et
546 512 727 557 apiculati,
749 509 1023 558 Palmoslm·lyll
1039 511 1251 550 subt-amosi,
1276 510 1506 558 Hormocyth‘
1531 514 1778 562 catemsormis

211 573 337 623 (Nag.)
358 581 443 616 etc.,
466 586 588 608 mense
607 573 821 608 Decembris
844 573 937 608 1854
959 573 1105 609 lectum.

348 636 496 686 Species
514 636 673 687 parvula,
692 644 791 671 certo
807 639 967 686 propria,
991 635 1064 677 sed,
1084 636 1361 672 fructificatione
1377 639 1505 686 ignota,
1526 640 1648 687 quoad
1664 653 1774 689 genus

208 699 393 750 paulisper
407 699 524 734 dubia.
550 700 653 735 Loco
667 699 824 734 indicato
840 699 936 734 haud
950 713 1078 740 raram,
1090 699 1152 734 sed
1166 712 1309 750 semper
1318 714 1474 750 sparsam
1487 703 1613 737 inveni.
1630 703 1774 739 Cellula

1023 764 1029 783 1
1045 770 1089 781 mm.
1324 764 1330 784 1

207 765 445 813 speciminum
464 765 704 804 minimorum,
721 777 813 812 qnae
828 763 910 804 vidi,
925 764 1039 813 8¹0—50
1092 791 1100 804 ‚
1120 766 1297 798 maiorum
1314 764 1428 814 50-ss
1449 764 1565 814 longa,

1604 766 1610 786 1
1706 767 1721 792 ¹,
1728 774 1773 785 mm.

1588 795 1631 815 150
1695 797 1723 816 80

207 840 334 861 crassa.
375 826 494 876 Stipes
512 826 683 861 cellulam
703 825 886 862 dimidiam
906 826 1131 876 longitudine
1151 827 1371 877 plerumque
1392 841 1561 877 aequam,
1585 831 1696 864 rarius
1715 844 1772 865 su-

206 903 347 940 perans,
370 892 597 933 tenerrimus,
624 890 736 940 ffliffomm-
756 903 905 925 crassus.
946 890 1194 940 Cytioplasma
1215 893 1266 937 (in
1285 899 1378 926 statu
1403 891 1559 935 hiemali,
1589 905 1698 941 quem
1718 906 1774 928 so-

206 953 282 988 lum
301 953 388 999 vidi)
409 953 545 1003 pallide
564 953 687 995 viride⁷
707 956 742 988 in
761 953 1024 989 fusco-luteum
1042 967 1211 1003 vergens,
1235 955 1478 1004 granulosum,
1501 968 1776 1005 nonnumquam

205 1016 393 1066 globulum
407 1019 578 1052 maiorem
594 1017 789 1052 centralem
802 1019 999 1059 continens,
1013 1020 1125 1053 rarius
1142 1018 1281 1052 macula
1294 1018 1428 1068 pallida
1446 1018 1583 1054 laterali
1602 1027 1775 1055 notatum.

205 1080 443 1130 Cytioderma
463 1082 520 1116 vix
553 1081 665 1130 ffio'nm·
692 1094 862 1116 crassum.
903 1081 1109 1130 Specimina
1139 1095 1289 1131 quoque
1318 1083 1505 1118 observavi
1530 1085 1631 1132 apice
1651 1092 1773 1133 aperta

205 1151 240 1179 et
260 1151 439 1187 evacuata,
464 1157 557 1193 quae
576 1144 682 1179 huius
702 1146 835 1194 speciei
855 1157 931 1179 esse
948 1144 1175 1180 videbantur.

894 1213 977 1241 Tab.
1002 1215 1034 1241 V.
1056 1215 1087 1241 B.

334 1269 355 1291 1.
377 1268 400 1291 2.
430 1263 592 1301 Specimina
611 1264 733 1299 minora,
752 1263 871 1303 globulo
887 1264 1044 1302 conspicuo
1064 1265 1209 1292 instructa.

334 1320 423 1343 1-7.
454 1314 616 1352 Specimina
634 1315 750 1351 maiora,
769 1315 786 1343 f.
797 1322 811 1343 3
828 1320 856 1343 et
875 1319 890 1343 ί)
906 1314 1026 1354 globulo
1042 1315 1144 1343 maiori
1158 1315 1342 1351 subcentrali,
1358 1316 1375 1344 f.
1386 1323 1400 1345 5
1417 1317 1524 1345 macula
1540 1317 1642 1356 pallida
1655 1317 1772 1354 laterali,

204 1364 248 1392 ΕΔ
269 1375 342 1393 zona
362 1364 463 1403 pallida
483 1365 598 1403 obliqua
617 1371 723 1393 notata.

406 1415 527 1455 Figurae
547 1416 739 1455 proportione
758 1410 817 1460 ⁶22
841 1422 948 1445 auctae.

342 1542 361 1553 μ’

347 1558 377 1578 ι.
417 1542 483 1577 Ch.
512 1550 671 1578 acutum.
727 1543 871 1579 Cellula
891 1552 1025 1587 erecta,
1050 1544 1226 1593 aequalis,
1255 1544 1325 1580 late
1345 1544 1544 1581 lanceolata
1572 1546 1629 1582 vel
1654 1555 1768 1592 ovata,

202 1607 372 1654 utrinque
392 1608 523 1643 sensim
543 1614 734 1650 attenuata,
758 1614 860 1641 acuta
879 1606 936 1642 vel
956 1606 1084 1642 leniter
1110 1610 1327 1653 acuminata;
1355 1611 1464 1658 stipes
1489 1609 1687 1659 elongatus,
1720 1611 1771 1646 di-

202 1668 308 1703 midia
337 1668 412 1704 fere
444 1669 597 1704 cellulae
624 1669 862 1718 longitudine,
905 1670 1055 1719 gracilis,
1087 1672 1161 1706 basi
1187 1671 1286 1706 disco
1312 1672 1473 1707 difformi
1503 1681 1772 1724 atropurpureo

201 1740 343 1769 auctus:
367 1732 603 1782 cytioplasma
621 1746 717 1767 nunc
742 1733 881 1768 macula
901 1736 1027 1768 maiori
1052 1733 1194 1784 hyalina
1214 1743 1389 1779 notatum,
1413 1750 1508 1771 nunc
1528 1736 1685 1786 globulis
1707 1740 1770 1773 mi—

200 1797 294 1830 nutis
316 1795 504 1840 (oleosist‘)
525 1798 655 1846 sparsis
674 1798 900 1840 instructum,
925 1799 1086 1846 (saepius
1111 1800 1146 1832 in
1166 1811 1300 1847 corpus
1321 1799 1520 1848 oblongum
1546 1814 1564 1835 a
1589 1800 1770 1851 cytioder-

200 1867 292 1894 mate
311 1867 493 1894 remotum
513 1864 777 1905 contractum).
792 1887 800 1894 .
817 1874 825 1904 ζ,
847 1860 1087 1909 zoogonidia‘?
1108 1861 1182 1907 (vel
1201 1874 1337 1912 corpus
1357 1862 1589 1912 globosumP)
1610 1878 1677 1914 per
1696 1868 1770 1915 api-

200 1936 279 1958 cem
299 1922 453 1958 cellulae
473 1925 711 1973 erumpentia.

337 1986 483 2021 Habitat
500 1986 528 2020 F
532 1988 666 2036 riburgi
685 1987 890 2036 Brisgoviae
910 1989 946 2022 in
966 1987 1048 2022 ollis
1068 1987 1273 2037 plantarum
1289 1992 1534 2038 aquaticarum
1554 1991 1649 2026 horti
1667 1992 1769 2027 bota-

200 2052 269 2084 nici
288 2049 357 2084 filis
381 2049 613 2085 Vane-herine
634 2064 843 2085 racemosae
864 2058 899 2086 et
929 2051 1133 2100 Oedogonii
1155 2052 1482 2102 Landsborouglzii
1504 2054 1660 2089 insidens
1688 2068 1770 2090 cuni

200 2112 344 2148 Sciadio
361 2114 569 2157 arbuscula,
596 2116 632 2149 in
653 2127 727 2163 quo
747 2116 825 2164 ipso
850 2127 1111 2164 nonnunquam
1132 2118 1362 2165 parasiticuni
1387 2118 1599 2153 observatur
1623 2121 1769 2164 (aestate

204 2176 335 2221 1847);
357 2178 393 2211 in
411 2179 515 2213 variis
535 2177 636 2226 Algis
656 2177 755 2213 lacus
776 2180 936 2212 montani
960 2178 1085 2213 Titisee
1103 2180 1139 2213 in
1158 2178 1268 2229 Sylva
1286 2182 1385 2230 nigra
1404 2180 1559 2216 Badensi
1579 2186 1768 2225 (autumno

203 2239 336 2285 1847)·‚
376 2243 413 2274 in
444 2242 515 2289 agri
547 2239 727 2276 Gissensis
759 2241 882 2277 rivulis
913 2249 1102 2291 pratorum
1134 2241 1178 2277 ad
1209 2242 1270 2277 fila
1305 2244 1511 2293 Confer-rae
1537 2245 1770 2292 bombycinae

201 2306 338 2350 (mense
358 2302 571 2339 Decembris
594 2304 720 2351 1850).

339 2365 486 2416 Species
506 2366 624 2403 dubiis
642 2376 779 2413 vexata,
803 2381 875 2403 non
896 2370 977 2403 satis
997 2369 1196 2413 observata,
1221 2369 1314 2404 forte
1334 2373 1472 2419 generis
1493 2370 1635 2407 diversi.
1675 2372 1766 2422 Spe-

199 2431 327 2465 cimina
346 2429 518 2480 perfecta,
533 2444 615 2466 cum
633 2433 752 2481 stipite
772 2434 849 2482 5LO—
859 2433 942 2482 4¹3¹0m·
961 2431 1079 2482 longa,
1106 2433 1155 2484 ᾖον
1171 2457 1208 2461 -
1220 2433 1278 2483 1-Ᾰῖ
1286 2439 1331 2452 “”“’
1351 2433 1426 2469 fere
1443 2447 1574 2479 crassa,
1598 2435 1766 2472 cellulam
