2225 3020
1172 227 1219 262 42

415 338 541 372 sistunt
559 329 895 371 late-lanceolatam‚
912 328 972 365 vel
991 327 1365 370 ovato-lanceolatam‚
1382 327 1441 365 vel
1460 335 1610 369 ovatam‚
1628 328 1801 376 utrinque
1817 324 1977 374 aequali—

415 408 470 435 ter
495 398 570 432 fere
594 401 822 437 attenuatam,
851 400 1003 428 acutam.
1052 391 1172 442 Stipes
1199 391 1352 427 cellulae
1382 399 1523 441 partem
1546 392 1688 426 tertiam
1711 390 1771 426 vel
1796 388 1979 424 dimidiam

415 473 588 510 aequans,
617 460 730 493 rarius
750 459 860 492 totius
881 456 1034 492 cellulae
1064 455 1140 490 fere
1160 454 1397 504 longitudine,
1421 467 1577 504 superne
1598 456 1635 488 in
1655 453 1826 489 cellulam
1851 453 1981 487 sensim

415 523 592 566 dilatatus,
614 521 754 557 inferne
774 528 975 556 attenuatus
991 528 1026 555 et
1045 518 1196 569 gracilis,
1219 519 1294 553 basi
1313 517 1412 553 disco
1433 517 1603 567 singulari
1623 516 1793 560 insidens,
1822 515 1981 566 planius-

414 587 511 631 culo,
536 585 731 621 orbiculari
749 584 807 621 vel
827 583 999 627 difformi,
1029 585 1111 618 satis
1136 594 1265 631 magno
1287 581 1347 627 (ad
1366 581 1520 617 cellulae
1540 580 1755 615 diametrum
1776 579 1979 622 dimidium,

415 653 488 686 imo
514 649 590 685 fere
614 657 732 684 totum
751 660 1014 697 nonnunquam
1039 647 1228 696 expanso),
1257 652 1539 694 atropurpureo.
1594 643 1841 694 Cytioplasma
1867 644 1984 677 minus

416 713 585 757 densum,
608 711 744 764 pallide
763 711 893 755 viride,
917 724 1013 745 nunc
1032 710 1319 759 homogeneum,
1348 721 1444 743 nunc
1470 707 1626 757 granulis
1644 708 1845 741 numerosis
1865 705 1983 753 (oleo-

416 779 501 823 sis'?)
534 776 612 812 laxe
639 776 807 826 dispersis
833 782 867 810 et
891 775 1094 824 saepissime
1122 772 1261 808 macula
1281 771 1473 807 rotundata
1492 770 1628 821 pallida
1646 769 1785 805 laterali
1804 776 1980 804 notatum.

416 841 639 877 Divisionem
659 838 939 890 cytioplasmatis
958 850 1145 886 nunquam
1163 835 1246 875 vidi,
1261 835 1324 871 sed
1344 847 1450 885 saepe
1470 834 1706 885 cytioplasma
1720 840 1838 868 totum
1853 835 1889 868 in
1903 845 1982 868 cor-

415 905 483 940 bus
502 904 700 952 oblongum
720 902 987 951 homogeneum
1006 902 1178 936 intensius
1196 899 1322 943 viride,
1346 911 1476 949 sporae
1494 900 1615 942 instar,
1634 904 1873 933 contractum.
1903 895 1984 931 Vidi

416 980 566 1018 quoque
585 966 733 1002 cellulas
752 978 880 1002 vacuas
899 967 999 1015 apice
1019 971 1171 1014 apertas.

1073 1032 1215 1061 Tabula
1234 1032 1268 1060 V.
1290 1030 1324 1060 C.

557 1093 581 1115 1.
611 1085 764 1125 Specimen
784 1084 918 1113 iuvenile.

556 1138 639 1166 2—74.
667 1136 831 1175 Specimina
850 1141 940 1164 aetate
955 1134 1148 1174 provectiora,
1166 1133 1275 1162 macula
1294 1132 1397 1172 pallida
1414 1132 1546 1170 (vacuola
1555 1132 1581 1173 ?)
1601 1136 1707 1160 notata.

553 1195 577 1217 5.
598 1190 623 1216 6.
653 1187 816 1226 Specimina
836 1186 961 1227 granulis
981 1185 1136 1223 (oleosisP)
1156 1185 1301 1224 insignita.

556 1244 581 1269 7.
610 1239 762 1278 Specimen
779 1237 993 1277 cytioplasmate
1013 1237 1042 1265 in
1056 1247 1160 1275 corpus
1179 1235 1352 1274 sporiforme
1371 1239 1531 1262 contracto.

554 1297 579 1320 8.
608 1290 761 1328 Specimen
781 1290 860 1328 apice
879 1294 1019 1327 apertum,
1039 1292 1213 1316 evacuatum.

954 1334 1001 1354 600

974 1364 982 1383 ¹
1038 1344 1150 1368 auctae.

606 1341 728 1381 Figurae
743 1339 934 1379 proportIOne

555 1480 590 1514 8.
623 1478 691 1514 Ch.
707 1477 1056 1525 ornithon-ephalmn.
1111 1475 1256 1512 Cellula
1276 1474 1455 1518 inclinata,
1485 1473 1648 1523 obliqua,
1671 1474 1859 1523 superiore
1876 1472 1987 1507 latere

416 1543 521 1580 valde
549 1550 705 1585 curvata,
742 1543 862 1576 iunior
881 1541 955 1576 fere
976 1539 1218 1582 semilunaris,
1248 1538 1407 1573 adultior
1425 1539 1620 1573 semiovata
1645 1544 1705 1572 aut
1724 1536 1800 1571 fere
1819 1535 1986 1584 semiglo-

417 1608 522 1651 bosa,
550 1609 650 1656 apice
678 1608 714 1640 in
738 1612 895 1640 rostrum
921 1603 1107 1654 hyalinum
1135 1602 1328 1651 obliquum
1355 1608 1501 1636 acutum
1524 1600 1727 1650 producta3
1757 1601 1866 1649 stipes
1886 1598 1986 1634 elon-

420 1679 529 1721 gatus,
548 1670 717 1705 cellulam
737 1667 921 1703 dimidiam
937 1667 1012 1702 fere
1032 1679 1198 1716 aequans,
1219 1664 1367 1715 gracilis,
1386 1665 1461 1699 basi
1480 1666 1515 1699 in
1536 1663 1714 1699 disculum
1731 1664 1918 1697 minimum
1937 1661 1989 1697 di-

418 1734 567 1778 latatus;
603 1732 840 1784 cytioplasina
865 1734 1088 1766 incremento
1109 1729 1262 1766 cellulae
1290 1727 1458 1763 absoluto
1484 1727 1649 1771 divisum,
1678 1735 1759 1762 ante
1779 1726 1990 1762 divisionem

418 1797 569 1847 globulo
601 1799 731 1840 unico,
768 1804 893 1846 postea
920 1794 1104 1844 pluribus,
1134 1792 1292 1842 denique
1317 1791 1475 1828 evanidis
1497 1793 1734 1835 instructum3
1758 1788 1987 1838 (zoogonidia

418 1874 613 1896 numerosa
625 1888 634 1904 ,
664 1859 859 1896 lateraliter
878 1858 1167 1903 examinantiaP).

557 1923 702 1958 Habitat
721 1922 895 1965 Berolini,
918 1922 981 1956 ubi
996 1920 1040 1956 ad
1061 1920 1203 1955 Moabit
1222 1918 1348 1954 iisdem
1362 1918 1452 1953 locis
1471 1931 1555 1953 eum
1572 1917 1758 1952 Characio
1777 1916 1902 1951 obtuso
1921 1915 1990 1964 legi

418 1995 548 2024 aestate
568 1995 604 2022 et
622 1994 795 2022 autumno
819 1985 926 2029 1851,
949 1997 1015 2020 nec
1034 1997 1108 2019 non
1127 1985 1269 2034 parcius
1288 1982 1406 2017 hieme
1425 1981 1594 2032 pluvioso
1617 1980 1726 2016 1854.

562 2050 710 2101 Species
734 2049 838 2085 valde
864 2050 1021 2098 insignis,
1057 2047 1189 2083 cellula
1208 2059 1324 2081 crassa
1343 2047 1542 2080 acuminata
1569 2043 1837 2092 Hydrocytium
1857 2047 1991 2077 acumi-

419 2123 544 2150 natum
562 2113 836 2164 quodammodo
856 2112 1034 2155 referens,
1062 2110 1125 2147 sed
1145 2109 1277 2146 cellula
1307 2111 1416 2158 magis
1435 2108 1586 2158 obliqua
1605 2116 1641 2143 et
1658 2106 1845 2149 inclinata,
1869 2107 1990 2156 stipite

418 2178 603 2227 elongato,
639 2185 674 2213 et
701 2178 864 2227 inprimis
895 2175 1177 2226 cytioplasmatis
1208 2173 1383 2209 divisione
1419 2172 1526 2221 longe
1564 2171 1715 2208 diversa.
1773 2169 1983 2219 Specimina

421 2244 559 2277 iuniora
591 2241 722 2276 adultis
753 2240 972 2290 plerumque
1002 2238 1207 2289 graciliora3
1244 2238 1406 2280 minima,
1436 2248 1528 2285 quae
1553 2234 1645 2279 vidi,
1673 2247 1743 2269 una
1769 2247 1851 2268 cum
1871 2234 1990 2282 stipite

421 2306 501 2354 §gm'ffi
521 2305 646 2354 longa3
668 2304 842 2355 perfecta,
866 2305 985 2352 stipite
1005 2302 1165 2345 excluso,
1189 2300 1356 2351 glo—{Omm'
1376 2299 1482 2348 longa
1510 2306 1545 2334 et
1563 2297 1746 2333 dimidiam
1766 2304 1906 2346 partem
1934 2296 1990 2332 vel

421 2368 514 2403 ultra
533 2382 659 2404 crassa.
718 2367 837 2417 Stipes
861 2368 1003 2402 tertiam
1020 2365 1080 2402 vel
1105 2363 1287 2400 dimidiam
1312 2362 1466 2399 cellulae
1490 2369 1647 2411 partem,
1683 2363 1796 2396 rarius
1820 2359 1989 2396 cellulam

420 2431 496 2467 fere
515 2440 626 2466 totam
644 2430 869 2481 longitudine
889 2442 1060 2480 aequans.
1116 2427 1258 2465 Cavitas
1283 2426 1436 2463 cellulae
1462 2438 1581 2474 neque
1601 2427 1637 2460 in
1656 2426 1813 2474 stipitem
1842 2423 1988 2459 descen-
