<?xml version="1.0" encoding="UTF-8"?>
<!DOCTYPE html PUBLIC "-//W3C//DTD XHTML 1.0 Transitional//EN"
    "http://www.w3.org/TR/xhtml1/DTD/xhtml1-transitional.dtd">
<html xmlns="http://www.w3.org/1999/xhtml" xml:lang="en" lang="en">
 <head>
  <title>
</title>
<meta http-equiv="Content-Type" content="text/html;charset=utf-8" />
  <meta name='ocr-system' content='tesseract 3.04.00' />
  <meta name='ocr-capabilities' content='ocr_page ocr_carea ocr_par ocr_line ocrx_word'/>
</head>
<body>
  <div class='ocr_page' id='page_1' title='image "algarumunicellul00brau_0075.png"; bbox 0 0 2225 3020; ppageno 0'>
   <div class='ocr_carea' id='block_1_1' title="bbox 982 228 1026 263">
    <p class='ocr_par' dir='ltr' id='par_1_1' title="bbox 982 228 1026 263">
     <span class='ocr_line' id='line_1_1' title="bbox 982 228 1026 263; baseline -0.023 0"><span class='ocrx_word' id='word_1_1' title='bbox 982 228 1026 263; x_wconf 88' lang='lat'>61</span> 
     </span>
    </p>
   </div>
   <div class='ocr_carea' id='block_1_2' title="bbox 222 334 1785 583">
    <p class='ocr_par' dir='ltr' id='par_1_2' title="bbox 222 334 1785 583">
     <span class='ocr_line' id='line_1_2' title="bbox 223 334 1784 378; baseline -0.006 -8"><span class='ocrx_word' id='word_1_2' title='bbox 223 341 291 370; x_wconf 90' lang='lat' dir='ltr'>vidi.</span> <span class='ocrx_word' id='word_1_3' title='bbox 321 341 414 369; x_wconf 91' lang='lat' dir='ltr'>Porro</span> <span class='ocrx_word' id='word_1_4' title='bbox 428 339 456 368; x_wconf 90' lang='lat' dir='ltr'>in</span> <span class='ocrx_word' id='word_1_5' title='bbox 472 337 672 378; x_wconf 87' lang='lat' dir='ltr'>Hydrodictyo</span> <span class='ocrx_word' id='word_1_6' title='bbox 687 336 770 366; x_wconf 87' lang='lat' dir='ltr'>etiam</span> <span class='ocrx_word' id='word_1_7' title='bbox 784 341 902 364; x_wconf 86' lang='lat' dir='ltr'>stratum</span> <span class='ocrx_word' id='word_1_8' title='bbox 926 334 1147 374; x_wconf 84' lang='lat' dir='ltr'>cytioplasmatis</span> <span class='ocrx_word' id='word_1_9' title='bbox 1162 345 1309 363; x_wconf 85' lang='lat' dir='ltr'>mucosum</span> <span class='ocrx_word' id='word_1_10' title='bbox 1333 334 1486 363; x_wconf 87' lang='lat' dir='ltr'>secundum</span> <span class='ocrx_word' id='word_1_11' title='bbox 1508 339 1555 361; x_wconf 82' lang='lat' dir='ltr'>aut</span> <span class='ocrx_word' id='word_1_12' title='bbox 1575 343 1643 369; x_wconf 89' lang='lat' dir='ltr'>non,</span> <span class='ocrx_word' id='word_1_13' title='bbox 1662 337 1710 361; x_wconf 89' lang='lat' dir='ltr'>aut</span> <span class='ocrx_word' id='word_1_14' title='bbox 1725 342 1784 361; x_wconf 89' lang='lat' dir='ltr'>non</span> 
     </span>
     <span class='ocr_line' id='line_1_3' title="bbox 223 385 1783 431; baseline -0.006 -10"><span class='ocrx_word' id='word_1_15' title='bbox 223 392 342 421; x_wconf 89' lang='lat' dir='ltr'>omnino</span> <span class='ocrx_word' id='word_1_16' title='bbox 366 390 549 431; x_wconf 86' lang='lat' dir='ltr'>gonidiorum</span> <span class='ocrx_word' id='word_1_17' title='bbox 569 388 742 417; x_wconf 80' lang='lat' dir='ltr'>formatione</span> <span class='ocrx_word' id='word_1_18' title='bbox 765 386 893 416; x_wconf 84' lang='lat' dir='ltr'>consumi</span> <span class='ocrx_word' id='word_1_19' title='bbox 914 386 1067 414; x_wconf 86' lang='lat' dir='ltr'>clarissimo</span> <span class='ocrx_word' id='word_1_20' title='bbox 1093 386 1175 415; x_wconf 89' lang='lat' dir='ltr'>Cohn</span> <span class='ocrx_word' id='word_1_21' title='bbox 1197 385 1342 420; x_wconf 76' lang='lat' dir='ltr'>adsentio,</span> <span class='ocrx_word' id='word_1_22' title='bbox 1367 396 1452 423; x_wconf 89' lang='lat' dir='ltr'>quum</span> <span class='ocrx_word' id='word_1_23' title='bbox 1474 385 1616 413; x_wconf 79' lang='lat' dir='ltr'>materiam</span> <span class='ocrx_word' id='word_1_24' title='bbox 1640 393 1783 412; x_wconf 86' lang='lat' dir='ltr'>mucosam</span> 
     </span>
     <span class='ocr_line' id='line_1_4' title="bbox 223 433 1784 482; baseline -0.006 -11"><span class='ocrx_word' id='word_1_25' title='bbox 223 443 420 482; x_wconf 77' lang='lat' dir='ltr'>irregulariter</span> <span class='ocrx_word' id='word_1_26' title='bbox 436 440 647 480; x_wconf 77' lang='lat' dir='ltr'><strong>conglobatam,</strong></span> <span class='ocrx_word' id='word_1_27' title='bbox 669 438 867 473; x_wconf 86' lang='lat' dir='ltr'>incoloratam,</span> <span class='ocrx_word' id='word_1_28' title='bbox 889 438 936 466; x_wconf 88' lang='lat' dir='ltr'>sed</span> <span class='ocrx_word' id='word_1_29' title='bbox 958 438 1015 465; x_wconf 91' lang='lat' dir='ltr'>iodi</span> <span class='ocrx_word' id='word_1_30' title='bbox 1030 447 1085 475; x_wconf 88' lang='lat' dir='ltr'>ope</span> <span class='ocrx_word' id='word_1_31' title='bbox 1108 437 1209 465; x_wconf 84' lang='lat' dir='ltr'>leviter</span> <span class='ocrx_word' id='word_1_32' title='bbox 1226 437 1426 464; x_wconf 84' lang='lat' dir='ltr'>flavescentem</span> <span class='ocrx_word' id='word_1_33' title='bbox 1443 446 1501 464; x_wconf 89' lang='lat' dir='ltr'>non</span> <span class='ocrx_word' id='word_1_34' title='bbox 1517 436 1608 463; x_wconf 89' lang='lat' dir='ltr'>minus</span> <span class='ocrx_word' id='word_1_35' title='bbox 1628 435 1656 463; x_wconf 92' lang='lat' dir='ltr'>in</span> <span class='ocrx_word' id='word_1_36' title='bbox 1676 433 1784 463; x_wconf 86' lang='lat' dir='ltr'>cellulis</span> 
     </span>
     <span class='ocr_line' id='line_1_5' title="bbox 223 484 1784 527; baseline -0.006 -5"><span class='ocrx_word' id='word_1_37' title='bbox 223 494 340 522; x_wconf 81' lang='lat' dir='ltr'>reticula</span> <span class='ocrx_word' id='word_1_38' title='bbox 356 492 508 521; x_wconf 80' lang='lat' dir='ltr'>novissime</span> <span class='ocrx_word' id='word_1_39' title='bbox 524 491 643 519; x_wconf 86' lang='lat' dir='ltr'>formata</span> <span class='ocrx_word' id='word_1_40' title='bbox 658 489 881 524; x_wconf 88' lang='lat' dir='ltr'>continentibus,</span> <span class='ocrx_word' id='word_1_41' title='bbox 896 499 978 527; x_wconf 87' lang='lat' dir='ltr'>quam</span> <span class='ocrx_word' id='word_1_42' title='bbox 993 488 1022 516; x_wconf 89' lang='lat' dir='ltr'>in</span> <span class='ocrx_word' id='word_1_43' title='bbox 1040 487 1148 515; x_wconf 89' lang='lat' dir='ltr'>cellulis</span> <span class='ocrx_word' id='word_1_44' title='bbox 1164 486 1374 526; x_wconf 80' lang='lat' dir='ltr'>microgonidia</span> <span class='ocrx_word' id='word_1_45' title='bbox 1388 487 1492 525; x_wconf 78' lang='lat' dir='ltr'>agitata</span> <span class='ocrx_word' id='word_1_46' title='bbox 1507 486 1702 515; x_wconf 76' lang='lat' dir='ltr'>emittentibus</span> <span class='ocrx_word' id='word_1_47' title='bbox 1718 484 1784 519; x_wconf 89' lang='lat' dir='ltr'>vidi,</span> 
     </span>
     <span class='ocr_line' id='line_1_6' title="bbox 222 537 1785 583; baseline -0.005 -11"><span class='ocrx_word' id='word_1_48' title='bbox 222 555 293 583; x_wconf 87' lang='lat' dir='ltr'>quae</span> <span class='ocrx_word' id='word_1_49' title='bbox 308 543 435 577; x_wconf 84' lang='lat' dir='ltr'>materia,</span> <span class='ocrx_word' id='word_1_50' title='bbox 454 542 476 570; x_wconf 88' lang='lat' dir='ltr'>si</span> <span class='ocrx_word' id='word_1_51' title='bbox 499 541 708 582; x_wconf 83' lang='lat' dir='ltr'>microgonidia</span> <span class='ocrx_word' id='word_1_52' title='bbox 721 540 896 575; x_wconf 86' lang='lat' dir='ltr'>examinant,</span> <span class='ocrx_word' id='word_1_53' title='bbox 923 545 1081 578; x_wconf 89' lang='lat' dir='ltr'>aperturam</span> <span class='ocrx_word' id='word_1_54' title='bbox 1106 548 1189 576; x_wconf 84' lang='lat' dir='ltr'>saepe</span> <span class='ocrx_word' id='word_1_55' title='bbox 1210 537 1344 573; x_wconf 81' lang='lat' dir='ltr'>obstruit,</span> <span class='ocrx_word' id='word_1_56' title='bbox 1367 547 1423 574; x_wconf 91' lang='lat' dir='ltr'>quo</span> <span class='ocrx_word' id='word_1_57' title='bbox 1439 537 1478 573; x_wconf 92' lang='lat' dir='ltr'>s1t,</span> <span class='ocrx_word' id='word_1_58' title='bbox 1500 543 1531 565; x_wconf 92' lang='lat' dir='ltr'>ut</span> <span class='ocrx_word' id='word_1_59' title='bbox 1544 537 1703 565; x_wconf 80' lang='lat' dir='ltr'>emissionis</span> <span class='ocrx_word' id='word_1_60' title='bbox 1718 546 1785 575; x_wconf 90' lang='lat' dir='ltr'>pro-</span> 
     </span>
    </p>
   </div>
   <div class='ocr_carea' id='block_1_3' title="bbox 223 592 881 633">
    <p class='ocr_par' dir='ltr' id='par_1_3' title="bbox 223 592 881 633">
     <span class='ocr_line' id='line_1_7' title="bbox 223 592 881 633; baseline -0.006 -9"><span class='ocrx_word' id='word_1_61' title='bbox 223 606 315 624; x_wconf 84' lang='lat' dir='ltr'>cessus</span> <span class='ocrx_word' id='word_1_62' title='bbox 332 604 383 633; x_wconf 86' lang='lat' dir='ltr'>per</span> <span class='ocrx_word' id='word_1_63' title='bbox 400 593 509 632; x_wconf 77' lang='lat' dir='ltr'>aliquot</span> <span class='ocrx_word' id='word_1_64' title='bbox 523 599 633 632; x_wconf 86' lang='lat' dir='ltr'>tempus</span> <span class='ocrx_word' id='word_1_65' title='bbox 649 592 881 630; x_wconf 74' lang='lat' dir='ltr'>interrumpatur.</span> 
     </span>
    </p>
   </div>
   <div class='ocr_carea' id='block_1_4' title="bbox 646 651 1359 694">
    <p class='ocr_par' dir='ltr' id='par_1_4' title="bbox 646 651 1359 694">
     <span class='ocr_line' id='line_1_8' title="bbox 646 651 1359 694; baseline -0.008 -10"><span class='ocrx_word' id='word_1_66' title='bbox 646 656 762 684; x_wconf 90' lang='lat' dir='ltr'>Locus</span> <span class='ocrx_word' id='word_1_67' title='bbox 790 653 1046 694; x_wconf 88' lang='lat' dir='ltr'>systematicus</span> <span class='ocrx_word' id='word_1_68' title='bbox 1074 657 1109 681; x_wconf 90' lang='lat' dir='ltr'>et</span> <span class='ocrx_word' id='word_1_69' title='bbox 1136 651 1359 680; x_wconf 71' lang='lat' dir='ltr'>affinitates.</span> 
     </span>
    </p>
   </div>
   <div class='ocr_carea' id='block_1_5' title="bbox 215 713 1788 1981">
    <p class='ocr_par' dir='ltr' id='par_1_5' title="bbox 215 713 1788 1981">
     <span class='ocr_line' id='line_1_9' title="bbox 360 713 1784 759; baseline -0.006 -10"><span class='ocrx_word' id='word_1_70' title='bbox 360 721 479 749; x_wconf 81' lang='lat' dir='ltr'>Veteres</span> <span class='ocrx_word' id='word_1_71' title='bbox 501 719 733 759; x_wconf 85' lang='lat' dir='ltr'>Hydrodictyon,</span> <span class='ocrx_word' id='word_1_72' title='bbox 761 717 895 747; x_wconf 89' lang='lat' dir='ltr'>coenobii</span> <span class='ocrx_word' id='word_1_73' title='bbox 914 716 1065 752; x_wconf 88' lang='lat' dir='ltr'>reticulati,</span> <span class='ocrx_word' id='word_1_74' title='bbox 1093 726 1108 744; x_wconf 94' lang='lat' dir='ltr'>e</span> <span class='ocrx_word' id='word_1_75' title='bbox 1128 715 1180 744; x_wconf 88' lang='lat' dir='ltr'>filis</span> <span class='ocrx_word' id='word_1_76' title='bbox 1199 715 1277 754; x_wconf 89' lang='lat' dir='ltr'>quasi</span> <span class='ocrx_word' id='word_1_77' title='bbox 1298 713 1425 743; x_wconf 82' lang='lat' dir='ltr'>contexti</span> <span class='ocrx_word' id='word_1_78' title='bbox 1444 713 1541 741; x_wconf 82' lang='lat' dir='ltr'>habitu</span> <span class='ocrx_word' id='word_1_79' title='bbox 1561 713 1683 752; x_wconf 85' lang='lat' dir='ltr'>decepti,</span> <span class='ocrx_word' id='word_1_80' title='bbox 1712 717 1784 741; x_wconf 78' lang='lat' dir='ltr'>Con-</span> 
     </span>
     <span class='ocr_line' id='line_1_10' title="bbox 215 764 1784 810; baseline -0.006 -9"><span class='ocrx_word' id='word_1_81' title='bbox 215 775 332 810; x_wconf 79' lang='lat' dir='ltr'>servam</span> <span class='ocrx_word' id='word_1_82' title='bbox 359 782 419 800; x_wconf 88' lang='lat' dir='ltr'>esse</span> <span class='ocrx_word' id='word_1_83' title='bbox 436 771 588 800; x_wconf 87' lang='lat' dir='ltr'>voluerunt</span> <span class='ocrx_word' id='word_1_84' title='bbox 608 775 636 798; x_wconf 89' lang='lat' dir='ltr'>et</span> <span class='ocrx_word' id='word_1_85' title='bbox 650 769 825 798; x_wconf 83' lang='lat' dir='ltr'>recentiores</span> <span class='ocrx_word' id='word_1_86' title='bbox 841 778 953 807; x_wconf 87' lang='lat' dir='ltr'>quoque</span> <span class='ocrx_word' id='word_1_87' title='bbox 968 767 1027 796; x_wconf 87' lang='lat' dir='ltr'>sere</span> <span class='ocrx_word' id='word_1_88' title='bbox 1042 777 1140 795; x_wconf 89' lang='lat' dir='ltr'>omnes</span> <span class='ocrx_word' id='word_1_89' title='bbox 1156 766 1184 794; x_wconf 91' lang='lat' dir='ltr'>in</span> <span class='ocrx_word' id='word_1_90' title='bbox 1199 771 1279 795; x_wconf 80' lang='lat' dir='ltr'>vasto</span> <span class='ocrx_word' id='word_1_91' title='bbox 1300 767 1571 802; x_wconf 77' lang='lat' dir='ltr'>Conservoidearum</span> <span class='ocrx_word' id='word_1_92' title='bbox 1587 765 1696 799; x_wconf 84' lang='lat' dir='ltr'>ordine,</span> <span class='ocrx_word' id='word_1_93' title='bbox 1719 764 1784 792; x_wconf 85' lang='lat' dir='ltr'>loco</span> 
     </span>
     <span class='ocr_line' id='line_1_11' title="bbox 221 814 1782 860; baseline -0.005 -9"><span class='ocrx_word' id='word_1_94' title='bbox 221 826 397 860; x_wconf 77' lang='lat' dir='ltr'>Zygnemati</span> <span class='ocrx_word' id='word_1_95' title='bbox 409 822 453 851; x_wconf 88' lang='lat' dir='ltr'>vel</span> <span class='ocrx_word' id='word_1_96' title='bbox 468 824 649 856; x_wconf 75' lang='lat' dir='ltr'>Moageotz&#39;ae</span> <span class='ocrx_word' id='word_1_97' title='bbox 667 821 772 856; x_wconf 86' lang='lat' dir='ltr'>vicino,</span> <span class='ocrx_word' id='word_1_98' title='bbox 801 819 1030 852; x_wconf 82' lang='lat' dir='ltr'>collocaverunt;</span> <span class='ocrx_word' id='word_1_99' title='bbox 1057 818 1098 846; x_wconf 88' lang='lat' dir='ltr'>sic</span> <span class='ocrx_word' id='word_1_100' title='bbox 1118 817 1193 846; x_wconf 86' lang='lat' dir='ltr'>inter</span> <span class='ocrx_word' id='word_1_101' title='bbox 1207 817 1277 845; x_wconf 86' lang='lat' dir='ltr'>alios</span> <span class='ocrx_word' id='word_1_102' title='bbox 1292 822 1406 845; x_wconf 81' lang='lat' dir='ltr'>autores</span> <span class='ocrx_word' id='word_1_103' title='bbox 1421 815 1494 854; x_wconf 90' lang='lat' dir='ltr'>Lyn</span> <span class='ocrx_word' id='word_1_104' title='bbox 1505 814 1596 855; x_wconf 84' lang='lat' dir='ltr'>gbye</span> <span class='ocrx_word' id='word_1_105' title='bbox 1617 814 1782 854; x_wconf 81' lang='lat' dir='ltr'>(Hydroph.</span> 
     </span>
     <span class='ocr_line' id='line_1_12' title="bbox 222 865 1784 911; baseline -0.006 -8"><span class='ocrx_word' id='word_1_106' title='bbox 222 874 285 903; x_wconf 91' lang='lat' dir='ltr'>dan.</span> <span class='ocrx_word' id='word_1_107' title='bbox 304 874 395 911; x_wconf 74' lang='lat'>1819),</span> <span class='ocrx_word' id='word_1_108' title='bbox 419 872 584 901; x_wconf 90' lang='lat' dir='ltr'>Vaucher</span> <span class='ocrx_word' id='word_1_109' title='bbox 610 872 688 909; x_wconf 78' lang='lat' dir='ltr'>(hist.</span> <span class='ocrx_word' id='word_1_110' title='bbox 704 872 729 900; x_wconf 92' lang='lat' dir='ltr'>d.</span> <span class='ocrx_word' id='word_1_111' title='bbox 751 871 837 900; x_wconf 81' lang='lat' dir='ltr'>Conf.</span> <span class='ocrx_word' id='word_1_112' title='bbox 852 871 930 899; x_wconf 87' lang='lat' dir='ltr'>d&#39;eau</span> <span class='ocrx_word' id='word_1_113' title='bbox 945 870 1036 898; x_wconf 90' lang='lat' dir='ltr'>douce</span> <span class='ocrx_word' id='word_1_114' title='bbox 1055 870 1145 905; x_wconf 71' lang='lat'>1803),</span> <span class='ocrx_word' id='word_1_115' title='bbox 1168 867 1314 908; x_wconf 85' lang='lat' dir='ltr'>Agardh</span> <span class='ocrx_word' id='word_1_116' title='bbox 1339 865 1421 907; x_wconf 88' lang='lat' dir='ltr'>(syst.</span> <span class='ocrx_word' id='word_1_117' title='bbox 1437 867 1503 906; x_wconf 81' lang='lat' dir='ltr'>Alg.</span> <span class='ocrx_word' id='word_1_118' title='bbox 1527 866 1618 902; x_wconf 54' lang='lat'>1824),</span> <span class='ocrx_word' id='word_1_119' title='bbox 1638 866 1784 894; x_wconf 84' lang='lat' dir='ltr'>Ilooker</span> 
     </span>
     <span class='ocr_line' id='line_1_13' title="bbox 222 917 1783 965; baseline -0.006 -12"><span class='ocrx_word' id='word_1_120' title='bbox 222 925 324 965; x_wconf 83' lang='lat' dir='ltr'>(Engl.</span> <span class='ocrx_word' id='word_1_121' title='bbox 340 925 368 953; x_wconf 86' lang='lat' dir='ltr'>ss.</span> <span class='ocrx_word' id='word_1_122' title='bbox 385 926 480 963; x_wconf 75' lang='lat'>1833),</span> <span class='ocrx_word' id='word_1_123' title='bbox 500 923 682 952; x_wconf 84' lang='lat' dir='ltr'>Wallroth</span> <span class='ocrx_word' id='word_1_124' title='bbox 707 924 815 961; x_wconf 91' lang='lat' dir='ltr'>(comp.</span> <span class='ocrx_word' id='word_1_125' title='bbox 835 922 863 950; x_wconf 84' lang='lat' dir='ltr'>ss.</span> <span class='ocrx_word' id='word_1_126' title='bbox 890 921 988 949; x_wconf 90' lang='lat' dir='ltr'>Germ.</span> <span class='ocrx_word' id='word_1_127' title='bbox 1018 922 1109 956; x_wconf 76' lang='lat'>1833),</span> <span class='ocrx_word' id='word_1_128' title='bbox 1135 919 1338 947; x_wconf 87' lang='lat' dir='ltr'>Endlicher</span> <span class='ocrx_word' id='word_1_129' title='bbox 1367 919 1447 957; x_wconf 88' lang='lat' dir='ltr'>(gen.</span> <span class='ocrx_word' id='word_1_130' title='bbox 1466 917 1504 956; x_wconf 92' lang='lat' dir='ltr'>pl.</span> <span class='ocrx_word' id='word_1_131' title='bbox 1521 917 1615 954; x_wconf 67' lang='lat'>1830),</span> <span class='ocrx_word' id='word_1_132' title='bbox 1642 917 1783 955; x_wconf 77' lang='lat' dir='ltr'>Harvey</span> 
     </span>
     <span class='ocr_line' id='line_1_14' title="bbox 222 967 1784 1014; baseline -0.006 -9"><span class='ocrx_word' id='word_1_133' title='bbox 222 978 310 1014; x_wconf 86' lang='lat' dir='ltr'>(man.</span> <span class='ocrx_word' id='word_1_134' title='bbox 326 974 363 1004; x_wconf 86' lang='lat' dir='ltr'>of.</span> <span class='ocrx_word' id='word_1_135' title='bbox 383 975 455 1003; x_wconf 85' lang='lat' dir='ltr'>Brit.</span> <span class='ocrx_word' id='word_1_136' title='bbox 476 974 567 1014; x_wconf 84' lang='lat' dir='ltr'>Algae</span> <span class='ocrx_word' id='word_1_137' title='bbox 592 974 680 1009; x_wconf 66' lang='lat' dir='ltr'>islo).</span> <span class='ocrx_word' id='word_1_138' title='bbox 725 973 772 1001; x_wconf 85' lang='lat' dir='ltr'>Ad</span> <span class='ocrx_word' id='word_1_139' title='bbox 796 973 867 1012; x_wconf 87' lang='lat' dir='ltr'>ipsas</span> <span class='ocrx_word' id='word_1_140' title='bbox 886 974 1102 1008; x_wconf 75' lang='lat' dir='ltr'>Zygnemaceas</span> <span class='ocrx_word' id='word_1_141' title='bbox 1123 970 1272 1008; x_wconf 86' lang='lat' dir='ltr'>adscripsit</span> <span class='ocrx_word' id='word_1_142' title='bbox 1293 969 1326 998; x_wconf 87' lang='lat' dir='ltr'>cl.</span> <span class='ocrx_word' id='word_1_143' title='bbox 1348 969 1450 997; x_wconf 85' lang='lat' dir='ltr'>Fries</span> <span class='ocrx_word' id='word_1_144' title='bbox 1471 970 1586 1005; x_wconf 83' lang='lat' dir='ltr'>(summ.</span> <span class='ocrx_word' id='word_1_145' title='bbox 1601 978 1665 1007; x_wconf 85' lang='lat' dir='ltr'>veg.</span> <span class='ocrx_word' id='word_1_146' title='bbox 1681 967 1784 995; x_wconf 85' lang='lat' dir='ltr'>Scand.</span> 
     </span>
     <span class='ocr_line' id='line_1_15' title="bbox 222 1018 1783 1063; baseline -0.006 -8"><span class='ocrx_word' id='word_1_147' title='bbox 222 1028 323 1063; x_wconf 59' lang='lat'>1846);</span> <span class='ocrx_word' id='word_1_148' title='bbox 349 1025 454 1054; x_wconf 87' lang='lat' dir='ltr'>tribum</span> <span class='ocrx_word' id='word_1_149' title='bbox 471 1025 746 1054; x_wconf 85' lang='lat' dir='ltr'>Confervoidearum</span> <span class='ocrx_word' id='word_1_150' title='bbox 762 1023 963 1063; x_wconf 82' lang='lat' dir='ltr'>Hydrodictyo</span> <span class='ocrx_word' id='word_1_151' title='bbox 983 1022 1141 1061; x_wconf 88' lang='lat' dir='ltr'>proprium,</span> <span class='ocrx_word' id='word_1_152' title='bbox 1165 1024 1407 1058; x_wconf 72' lang='lat' dir='ltr'>Hydrorlictyeas,</span> <span class='ocrx_word' id='word_1_153' title='bbox 1427 1019 1575 1048; x_wconf 88' lang='lat' dir='ltr'>constituit</span> <span class='ocrx_word' id='word_1_154' title='bbox 1589 1018 1622 1047; x_wconf 92' lang='lat' dir='ltr'>cl.</span> <span class='ocrx_word' id='word_1_155' title='bbox 1639 1019 1783 1046; x_wconf 85' lang='lat' dir='ltr'>Morren</span> 
     </span>
     <span class='ocr_line' id='line_1_16' title="bbox 221 1069 1786 1115; baseline -0.006 -9"><span class='ocrx_word' id='word_1_156' title='bbox 221 1077 325 1115; x_wconf 71' lang='lat' dir='ltr'>(Mem.</span> <span class='ocrx_word' id='word_1_157' title='bbox 341 1077 375 1106; x_wconf 88' lang='lat' dir='ltr'>de</span> <span class='ocrx_word' id='word_1_158' title='bbox 390 1076 459 1105; x_wconf 75' lang='lat' dir='ltr'>l&#39;Ac.</span> <span class='ocrx_word' id='word_1_159' title='bbox 475 1077 509 1105; x_wconf 90' lang='lat' dir='ltr'>de</span> <span class='ocrx_word' id='word_1_160' title='bbox 526 1077 610 1105; x_wconf 85' lang='lat' dir='ltr'>Brux.</span> <span class='ocrx_word' id='word_1_161' title='bbox 629 1076 720 1112; x_wconf 64' lang='grc'>1841),</span> <span class='ocrx_word' id='word_1_162' title='bbox 739 1086 821 1114; x_wconf 89' lang='lat' dir='ltr'>quem</span> <span class='ocrx_word' id='word_1_163' title='bbox 844 1074 933 1102; x_wconf 87' lang='lat' dir='ltr'>secuti</span> <span class='ocrx_word' id='word_1_164' title='bbox 952 1079 1018 1102; x_wconf 91' lang='lat' dir='ltr'>sunt</span> <span class='ocrx_word' id='word_1_165' title='bbox 1036 1072 1218 1102; x_wconf 85' lang='lat' dir='ltr'>Decaisne</span> <span class='ocrx_word' id='word_1_166' title='bbox 1239 1071 1290 1110; x_wconf 89' lang='lat' dir='ltr'>(pl.</span> <span class='ocrx_word' id='word_1_167' title='bbox 1305 1071 1338 1099; x_wconf 95' lang='lat' dir='ltr'>de</span> <span class='ocrx_word' id='word_1_168' title='bbox 1360 1070 1464 1099; x_wconf 82' lang='lat' dir='ltr'>l&#39;Arab.</span> <span class='ocrx_word' id='word_1_169' title='bbox 1484 1070 1558 1105; x_wconf 64' lang='lat' dir='ltr'>isset,</span> <span class='ocrx_word' id='word_1_170' title='bbox 1578 1069 1647 1098; x_wconf 85' lang='lat' dir='ltr'>essai</span> <span class='ocrx_word' id='word_1_171' title='bbox 1667 1080 1716 1098; x_wconf 89' lang='lat' dir='ltr'>sur</span> <span class='ocrx_word' id='word_1_172' title='bbox 1730 1078 1786 1097; x_wconf 87' lang='lat' dir='ltr'>une</span> 
     </span>
     <span class='ocr_line' id='line_1_17' title="bbox 222 1120 1786 1168; baseline -0.006 -11"><span class='ocrx_word' id='word_1_173' title='bbox 222 1128 322 1157; x_wconf 82' lang='lat' dir='ltr'>classis.</span> <span class='ocrx_word' id='word_1_174' title='bbox 339 1128 365 1156; x_wconf 87' lang='lat' dir='ltr'>d.</span> <span class='ocrx_word' id='word_1_175' title='bbox 382 1127 447 1168; x_wconf 81' lang='lat' dir='ltr'>Alg.</span> <span class='ocrx_word' id='word_1_176' title='bbox 468 1129 556 1164; x_wconf 71' lang='grc'>1312),</span> <span class='ocrx_word' id='word_1_177' title='bbox 583 1126 787 1155; x_wconf 87' lang='lat' dir='ltr'>Endlicher</span> <span class='ocrx_word' id='word_1_178' title='bbox 811 1127 892 1165; x_wconf 85' lang='lat' dir='ltr'>(gen.</span> <span class='ocrx_word' id='word_1_179' title='bbox 908 1124 945 1164; x_wconf 87' lang='lat' dir='ltr'>pl.</span> <span class='ocrx_word' id='word_1_180' title='bbox 961 1124 1051 1163; x_wconf 90' lang='lat' dir='ltr'>suppl.</span> <span class='ocrx_word' id='word_1_181' title='bbox 1075 1124 1127 1152; x_wconf 90' lang='lat'>111.</span> <span class='ocrx_word' id='word_1_182' title='bbox 1154 1123 1233 1159; x_wconf 64' lang='lat'>1843)</span> <span class='ocrx_word' id='word_1_183' title='bbox 1257 1128 1285 1150; x_wconf 87' lang='lat' dir='ltr'>et</span> <span class='ocrx_word' id='word_1_184' title='bbox 1311 1122 1474 1161; x_wconf 76' lang='lat' dir='ltr'>Kiitzing</span> <span class='ocrx_word' id='word_1_185' title='bbox 1498 1121 1600 1160; x_wconf 82' lang='lat' dir='ltr'>(Phyc.</span> <span class='ocrx_word' id='word_1_186' title='bbox 1617 1131 1684 1160; x_wconf 78' lang='lat' dir='ltr'>gen.</span> <span class='ocrx_word' id='word_1_187' title='bbox 1710 1120 1786 1156; x_wconf 65' lang='lat'>1843,</span> 
     </span>
     <span class='ocr_line' id='line_1_18' title="bbox 221 1170 1784 1220; baseline -0.006 -12"><span class='ocrx_word' id='word_1_188' title='bbox 221 1180 308 1220; x_wconf 84' lang='lat' dir='ltr'>Phyc.</span> <span class='ocrx_word' id='word_1_189' title='bbox 323 1190 413 1219; x_wconf 82' lang='lat' dir='ltr'>germ.</span> <span class='ocrx_word' id='word_1_190' title='bbox 434 1180 510 1214; x_wconf 69' lang='lat'>181&#39;15,</span> <span class='ocrx_word' id='word_1_191' title='bbox 529 1189 568 1217; x_wconf 91' lang='lat' dir='ltr'>sp.</span> <span class='ocrx_word' id='word_1_192' title='bbox 585 1177 650 1217; x_wconf 80' lang='lat' dir='ltr'>Alg.</span> <span class='ocrx_word' id='word_1_193' title='bbox 671 1178 761 1214; x_wconf 65' lang='lat' dir='ltr'>18-iy).</span> <span class='ocrx_word' id='word_1_194' title='bbox 802 1176 847 1205; x_wconf 84' lang='lat' dir='ltr'>Ab</span> <span class='ocrx_word' id='word_1_195' title='bbox 863 1181 1010 1204; x_wconf 88' lang='lat' dir='ltr'>auctorum</span> <span class='ocrx_word' id='word_1_196' title='bbox 1026 1174 1208 1204; x_wconf 85' lang='lat' dir='ltr'>multitudine</span> <span class='ocrx_word' id='word_1_197' title='bbox 1221 1173 1360 1202; x_wconf 85' lang='lat' dir='ltr'>recedunt</span> <span class='ocrx_word' id='word_1_198' title='bbox 1374 1173 1407 1202; x_wconf 91' lang='lat' dir='ltr'>cl.</span> <span class='ocrx_word' id='word_1_199' title='bbox 1424 1173 1496 1212; x_wconf 90' lang='lat' dir='ltr'>Foy</span> <span class='ocrx_word' id='word_1_200' title='bbox 1516 1171 1596 1209; x_wconf 84' lang='lat' dir='ltr'>(dict.</span> <span class='ocrx_word' id='word_1_201' title='bbox 1612 1172 1675 1210; x_wconf 87' lang='lat' dir='ltr'>pitt.</span> <span class='ocrx_word' id='word_1_202' title='bbox 1692 1170 1784 1199; x_wconf 86' lang='lat' dir='ltr'>d&#39;hist.</span> 
     </span>
     <span class='ocr_line' id='line_1_19' title="bbox 222 1222 1785 1268; baseline -0.006 -9"><span class='ocrx_word' id='word_1_203' title='bbox 222 1237 279 1259; x_wconf 89' lang='lat' dir='ltr'>nat.</span> <span class='ocrx_word' id='word_1_204' title='bbox 299 1231 391 1267; x_wconf 72' lang='lat'>¹836),</span> <span class='ocrx_word' id='word_1_205' title='bbox 410 1230 457 1268; x_wconf 89' lang='lat' dir='ltr'>qui</span> <span class='ocrx_word' id='word_1_206' title='bbox 471 1228 661 1268; x_wconf 82' lang='lat' dir='ltr'>Hydrodictyi</span> <span class='ocrx_word' id='word_1_207' title='bbox 677 1239 766 1268; x_wconf 84' lang='lat' dir='ltr'>genus</span> <span class='ocrx_word' id='word_1_208' title='bbox 786 1230 913 1256; x_wconf 74' lang='lat' dir='ltr'>Ulvacei&#39;s</span> <span class='ocrx_word' id='word_1_209' title='bbox 929 1226 1061 1262; x_wconf 87' lang='lat' dir='ltr'>inseruit,</span> <span class='ocrx_word' id='word_1_210' title='bbox 1080 1231 1109 1254; x_wconf 87' lang='lat' dir='ltr'>et</span> <span class='ocrx_word' id='word_1_211' title='bbox 1128 1224 1329 1253; x_wconf 86' lang='lat' dir='ltr'>Zanardini</span> <span class='ocrx_word' id='word_1_212' title='bbox 1358 1225 1472 1263; x_wconf 83' lang='lat' dir='ltr'>(saggio</span> <span class='ocrx_word' id='word_1_213' title='bbox 1494 1223 1521 1251; x_wconf 91' lang='lat' dir='ltr'>di</span> <span class='ocrx_word' id='word_1_214' title='bbox 1537 1222 1637 1251; x_wconf 78' lang='lat' dir='ltr'>classis.</span> <span class='ocrx_word' id='word_1_215' title='bbox 1658 1222 1683 1251; x_wconf 92' lang='lat' dir='ltr'>d.</span> <span class='ocrx_word' id='word_1_216' title='bbox 1700 1222 1785 1250; x_wconf 88' lang='lat' dir='ltr'>Ficee</span> 
     </span>
     <span class='ocr_line' id='line_1_20' title="bbox 223 1273 1787 1319; baseline -0.006 -9"><span class='ocrx_word' id='word_1_217' title='bbox 223 1282 317 1319; x_wconf 64' lang='lat'>181&#39;13),</span> <span class='ocrx_word' id='word_1_218' title='bbox 337 1281 384 1319; x_wconf 87' lang='lat' dir='ltr'>qui</span> <span class='ocrx_word' id='word_1_219' title='bbox 404 1283 635 1317; x_wconf 76' lang='lat' dir='ltr'>Hydrodictyeas</span> <span class='ocrx_word' id='word_1_220' title='bbox 657 1285 686 1307; x_wconf 88' lang='lat' dir='ltr'>et</span> <span class='ocrx_word' id='word_1_221' title='bbox 707 1281 829 1307; x_wconf 73' lang='lat' dir='ltr'>Olioieas</span> <span class='ocrx_word' id='word_1_222' title='bbox 844 1278 1110 1316; x_wconf 72' lang='lat' dir='ltr'>(Acetabularieas)</span> <span class='ocrx_word' id='word_1_223' title='bbox 1133 1275 1318 1305; x_wconf 86' lang='lat' dir='ltr'>consociavit.</span> <span class='ocrx_word' id='word_1_224' title='bbox 1357 1274 1578 1314; x_wconf 85' lang='lat' dir='ltr'>Hydrodictyon</span> <span class='ocrx_word' id='word_1_225' title='bbox 1599 1273 1701 1313; x_wconf 80' lang='lat' dir='ltr'>Algam</span> <span class='ocrx_word' id='word_1_226' title='bbox 1724 1276 1787 1300; x_wconf 64' lang='lat' dir='ltr'>uni&lt;</span> 
     </span>
     <span class='ocr_line' id='line_1_21' title="bbox 222 1323 1786 1367; baseline -0.006 -6"><span class='ocrx_word' id='word_1_227' title='bbox 222 1337 384 1361; x_wconf 80' lang='lat' dir='ltr'>cellularem</span> <span class='ocrx_word' id='word_1_228' title='bbox 410 1342 485 1367; x_wconf 88' lang='lat' dir='ltr'>csse,</span> <span class='ocrx_word' id='word_1_229' title='bbox 513 1330 731 1365; x_wconf 85' lang='lat' dir='ltr'>Confervaceis,</span> <span class='ocrx_word' id='word_1_230' title='bbox 756 1329 903 1364; x_wconf 86' lang='lat' dir='ltr'>Ulvaceis,</span> <span class='ocrx_word' id='word_1_231' title='bbox 927 1328 1043 1366; x_wconf 90' lang='lat' dir='ltr'>aliisque</span> <span class='ocrx_word' id='word_1_232' title='bbox 1067 1327 1147 1367; x_wconf 77' lang='lat' dir='ltr'>Algis</span> <span class='ocrx_word' id='word_1_233' title='bbox 1168 1325 1432 1354; x_wconf 87' lang='lat' dir='ltr'>multicellularihus</span> <span class='ocrx_word' id='word_1_234' title='bbox 1454 1325 1573 1354; x_wconf 80' lang='lat' dir='ltr'>alienam</span> <span class='ocrx_word' id='word_1_235' title='bbox 1595 1325 1702 1363; x_wconf 88' lang='lat' dir='ltr'>primus</span> <span class='ocrx_word' id='word_1_236' title='bbox 1726 1323 1786 1362; x_wconf 86' lang='lat' dir='ltr'>ipse</span> 
     </span>
     <span class='ocr_line' id='line_1_22' title="bbox 222 1375 1787 1419; baseline -0.006 -7"><span class='ocrx_word' id='word_1_237' title='bbox 222 1383 374 1412; x_wconf 90' lang='lat' dir='ltr'>enunciavi</span> <span class='ocrx_word' id='word_1_238' title='bbox 388 1382 490 1419; x_wconf 85' lang='lat' dir='ltr'>(Verh.</span> <span class='ocrx_word' id='word_1_239' title='bbox 506 1382 531 1410; x_wconf 87' lang='lat' dir='ltr'>d.</span> <span class='ocrx_word' id='word_1_240' title='bbox 548 1381 690 1409; x_wconf 88' lang='lat' dir='ltr'>Schweiz.</span> <span class='ocrx_word' id='word_1_241' title='bbox 710 1386 766 1408; x_wconf 87' lang='lat' dir='ltr'>nat.</span> <span class='ocrx_word' id='word_1_242' title='bbox 782 1380 851 1408; x_wconf 87' lang='lat' dir='ltr'>Ges.</span> <span class='ocrx_word' id='word_1_243' title='bbox 872 1379 966 1416; x_wconf 62' lang='lat'>1847);</span> <span class='ocrx_word' id='word_1_244' title='bbox 985 1378 1081 1417; x_wconf 87' lang='lat' dir='ltr'>paullo</span> <span class='ocrx_word' id='word_1_245' title='bbox 1100 1383 1166 1416; x_wconf 92' lang='lat' dir='ltr'>post</span> <span class='ocrx_word' id='word_1_246' title='bbox 1184 1388 1238 1406; x_wconf 89' lang='lat' dir='ltr'>am.</span> <span class='ocrx_word' id='word_1_247' title='bbox 1261 1376 1393 1416; x_wconf 64' lang='lat' dir='ltr'>Nfigeli</span> <span class='ocrx_word' id='word_1_248' title='bbox 1412 1387 1445 1405; x_wconf 84' lang='lat' dir='ltr'>ex</span> <span class='ocrx_word' id='word_1_249' title='bbox 1467 1376 1625 1415; x_wconf 86' lang='lat' dir='ltr'>systematis</span> <span class='ocrx_word' id='word_1_250' title='bbox 1640 1375 1682 1404; x_wconf 90' lang='lat' dir='ltr'>sui</span> <span class='ocrx_word' id='word_1_251' title='bbox 1702 1385 1787 1414; x_wconf 86' lang='lat' dir='ltr'>argu-</span> 
     </span>
     <span class='ocr_line' id='line_1_23' title="bbox 220 1426 1786 1472; baseline -0.006 -9"><span class='ocrx_word' id='word_1_252' title='bbox 220 1433 324 1463; x_wconf 87' lang='lat' dir='ltr'>mentis</span> <span class='ocrx_word' id='word_1_253' title='bbox 340 1432 531 1472; x_wconf 87' lang='lat' dir='ltr'>Hydrodictyi</span> <span class='ocrx_word' id='word_1_254' title='bbox 551 1442 641 1471; x_wconf 85' lang='lat' dir='ltr'>genus</span> <span class='ocrx_word' id='word_1_255' title='bbox 656 1431 732 1459; x_wconf 90' lang='lat' dir='ltr'>inter</span> <span class='ocrx_word' id='word_1_256' title='bbox 744 1433 988 1458; x_wconf 57' lang='lat' dir='ltr'>Protei-occaceas</span> <span class='ocrx_word' id='word_1_257' title='bbox 1004 1434 1152 1458; x_wconf 84' lang='lat' dir='ltr'>enumerat</span> <span class='ocrx_word' id='word_1_258' title='bbox 1173 1428 1262 1465; x_wconf 87' lang='lat' dir='ltr'>(einz.</span> <span class='ocrx_word' id='word_1_259' title='bbox 1284 1427 1351 1467; x_wconf 78' lang='lat' dir='ltr'>Alg.</span> <span class='ocrx_word' id='word_1_260' title='bbox 1372 1427 1462 1465; x_wconf 71' lang='grc'>1849),</span> <span class='ocrx_word' id='word_1_261' title='bbox 1490 1427 1523 1455; x_wconf 88' lang='lat' dir='ltr'>cl.</span> <span class='ocrx_word' id='word_1_262' title='bbox 1541 1426 1641 1455; x_wconf 89' lang='lat' dir='ltr'>Cohn</span> <span class='ocrx_word' id='word_1_263' title='bbox 1660 1426 1734 1454; x_wconf 88' lang='lat' dir='ltr'>idem</span> <span class='ocrx_word' id='word_1_264' title='bbox 1757 1426 1786 1454; x_wconf 89' lang='lat' dir='ltr'>in</span> 
     </span>
     <span class='ocr_line' id='line_1_24' title="bbox 222 1477 1785 1519; baseline -0.005 -6"><span class='ocrx_word' id='word_1_265' title='bbox 222 1483 473 1514; x_wconf 85' lang='lat' dir='ltr'>commendatione</span> <span class='ocrx_word' id='word_1_266' title='bbox 496 1483 605 1512; x_wconf 84' lang='lat' dir='ltr'>laudata</span> <span class='ocrx_word' id='word_1_267' title='bbox 628 1483 956 1519; x_wconf 52' lang='lat' dir='ltr'>(18121)Palmellaceis,</span> <span class='ocrx_word' id='word_1_268' title='bbox 983 1491 997 1508; x_wconf 92' lang='lat' dir='ltr'>a</span> <span class='ocrx_word' id='word_1_269' title='bbox 1022 1480 1123 1519; x_wconf 86' lang='lat' dir='ltr'>quibus</span> <span class='ocrx_word' id='word_1_270' title='bbox 1147 1480 1389 1508; x_wconf 87' lang='lat' dir='ltr'>Protococcaceas</span> <span class='ocrx_word' id='word_1_271' title='bbox 1414 1489 1472 1507; x_wconf 90' lang='lat' dir='ltr'>uon</span> <span class='ocrx_word' id='word_1_272' title='bbox 1496 1483 1616 1517; x_wconf 85' lang='lat' dir='ltr'>separat,</span> <span class='ocrx_word' id='word_1_273' title='bbox 1640 1477 1785 1505; x_wconf 81' lang='lat' dir='ltr'>adtribuit.</span> 
     </span>
     <span class='ocr_line' id='line_1_25' title="bbox 220 1528 1786 1575; baseline -0.006 -10"><span class='ocrx_word' id='word_1_274' title='bbox 220 1536 358 1565; x_wconf 87' lang='lat' dir='ltr'>Profecto</span> <span class='ocrx_word' id='word_1_275' title='bbox 374 1545 495 1575; x_wconf 86' lang='lat' dir='ltr'>genera,</span> <span class='ocrx_word' id='word_1_276' title='bbox 514 1544 585 1573; x_wconf 86' lang='lat' dir='ltr'>quae</span> <span class='ocrx_word' id='word_1_277' title='bbox 600 1533 659 1562; x_wconf 87' lang='lat' dir='ltr'>sola</span> <span class='ocrx_word' id='word_1_278' title='bbox 674 1538 702 1562; x_wconf 89' lang='lat' dir='ltr'>et</span> <span class='ocrx_word' id='word_1_279' title='bbox 716 1533 898 1572; x_wconf 81' lang='lat' dir='ltr'>vegetatione</span> <span class='ocrx_word' id='word_1_280' title='bbox 913 1530 1105 1567; x_wconf 82' lang='lat' dir='ltr'>unicellulari‚</span> <span class='ocrx_word' id='word_1_281' title='bbox 1130 1536 1159 1558; x_wconf 90' lang='lat' dir='ltr'>et</span> <span class='ocrx_word' id='word_1_282' title='bbox 1172 1530 1414 1570; x_wconf 85' lang='lat' dir='ltr'>zoogonidiorum</span> <span class='ocrx_word' id='word_1_283' title='bbox 1431 1529 1529 1569; x_wconf 83' lang='lat' dir='ltr'>genesi</span> <span class='ocrx_word' id='word_1_284' title='bbox 1551 1539 1602 1568; x_wconf 89' lang='lat' dir='ltr'>per</span> <span class='ocrx_word' id='word_1_285' title='bbox 1616 1528 1786 1557; x_wconf 85' lang='lat' dir='ltr'>divisionem</span> 
     </span>
     <span class='ocr_line' id='line_1_26' title="bbox 221 1580 1787 1627; baseline -0.005 -12"><span class='ocrx_word' id='word_1_286' title='bbox 221 1585 443 1627; x_wconf 84' lang='lat' dir='ltr'>cytioplasmatis</span> <span class='ocrx_word' id='word_1_287' title='bbox 457 1584 653 1613; x_wconf 88' lang='lat' dir='ltr'>simultaneam</span> <span class='ocrx_word' id='word_1_288' title='bbox 673 1595 736 1612; x_wconf 91' lang='lat' dir='ltr'>cum</span> <span class='ocrx_word' id='word_1_289' title='bbox 753 1582 953 1622; x_wconf 83' lang='lat' dir='ltr'>Hydrodictyo</span> <span class='ocrx_word' id='word_1_290' title='bbox 969 1581 1127 1620; x_wconf 84' lang='lat' dir='ltr'>comparari</span> <span class='ocrx_word' id='word_1_291' title='bbox 1141 1586 1272 1620; x_wconf 88' lang='lat' dir='ltr'>possunt,</span> <span class='ocrx_word' id='word_1_292' title='bbox 1291 1581 1319 1609; x_wconf 91' lang='lat' dir='ltr'>in</span> <span class='ocrx_word' id='word_1_293' title='bbox 1334 1580 1449 1620; x_wconf 67' lang='lat' dir='ltr'>Nfigelii</span> <span class='ocrx_word' id='word_1_294' title='bbox 1469 1580 1573 1608; x_wconf 85' lang='lat' dir='ltr'>familia</span> <span class='ocrx_word' id='word_1_295' title='bbox 1593 1580 1787 1608; x_wconf 87' lang='lat' dir='ltr'>Protococca-</span> 
     </span>
     <span class='ocr_line' id='line_1_27' title="bbox 222 1632 1786 1673; baseline -0.005 -7"><span class='ocrx_word' id='word_1_296' title='bbox 222 1648 335 1667; x_wconf 87' lang='lat' dir='ltr'>cearum</span> <span class='ocrx_word' id='word_1_297' title='bbox 358 1636 495 1664; x_wconf 82' lang='lat' dir='ltr'>militant:</span> <span class='ocrx_word' id='word_1_298' title='bbox 521 1638 713 1663; x_wconf 80' lang='lat' dir='ltr'>Protococcus</span> <span class='ocrx_word' id='word_1_299' title='bbox 728 1634 842 1673; x_wconf 63' lang='lat' dir='ltr'>(Nfig.),</span> <span class='ocrx_word' id='word_1_300' title='bbox 866 1636 1075 1670; x_wconf 79' lang='lat' dir='ltr'>Hydrocytium</span> <span class='ocrx_word' id='word_1_301' title='bbox 1098 1634 1196 1671; x_wconf 86' lang='lat' dir='ltr'>(supra</span> <span class='ocrx_word' id='word_1_302' title='bbox 1211 1632 1409 1670; x_wconf 89' lang='lat' dir='ltr'>descriptum),</span> <span class='ocrx_word' id='word_1_303' title='bbox 1435 1642 1487 1660; x_wconf 91' lang='lat' dir='ltr'>nec</span> <span class='ocrx_word' id='word_1_304' title='bbox 1508 1642 1567 1659; x_wconf 92' lang='lat' dir='ltr'>non</span> <span class='ocrx_word' id='word_1_305' title='bbox 1589 1634 1735 1659; x_wconf 77' lang='lat' dir='ltr'>Sciadium</span> <span class='ocrx_word' id='word_1_306' title='bbox 1758 1635 1786 1658; x_wconf 90' lang='lat' dir='ltr'>et</span> 
     </span>
     <span class='ocr_line' id='line_1_28' title="bbox 224 1682 1786 1725; baseline -0.004 -9"><span class='ocrx_word' id='word_1_307' title='bbox 224 1691 433 1725; x_wconf 78' lang='lat' dir='ltr'>Ophiocytium.</span> <span class='ocrx_word' id='word_1_308' title='bbox 479 1689 629 1714; x_wconf 83' lang='lat' dir='ltr'>Pediastri</span> <span class='ocrx_word' id='word_1_309' title='bbox 645 1695 751 1725; x_wconf 87' lang='lat' dir='ltr'>genus,</span> <span class='ocrx_word' id='word_1_310' title='bbox 771 1684 905 1713; x_wconf 89' lang='lat' dir='ltr'>coenobii</span> <span class='ocrx_word' id='word_1_311' title='bbox 931 1683 1103 1712; x_wconf 83' lang='lat' dir='ltr'>formatione</span> <span class='ocrx_word' id='word_1_312' title='bbox 1125 1682 1327 1722; x_wconf 83' lang='lat' dir='ltr'>Hydrodictyo</span> <span class='ocrx_word' id='word_1_313' title='bbox 1349 1682 1518 1722; x_wconf 79' lang='lat' dir='ltr'>analogum,</span> <span class='ocrx_word' id='word_1_314' title='bbox 1543 1682 1786 1722; x_wconf 88' lang='lat' dir='ltr'>zoogonidiorum</span> 
     </span>
     <span class='ocr_line' id='line_1_29' title="bbox 222 1732 1786 1780; baseline -0.004 -13"><span class='ocrx_word' id='word_1_315' title='bbox 222 1739 321 1780; x_wconf 86' lang='lat' dir='ltr'>genesi</span> <span class='ocrx_word' id='word_1_316' title='bbox 343 1749 394 1777; x_wconf 91' lang='lat' dir='ltr'>per</span> <span class='ocrx_word' id='word_1_317' title='bbox 414 1737 583 1766; x_wconf 87' lang='lat' dir='ltr'>divisionem</span> <span class='ocrx_word' id='word_1_318' title='bbox 605 1736 801 1771; x_wconf 83' lang='lat' dir='ltr'>successivam,</span> <span class='ocrx_word' id='word_1_319' title='bbox 824 1738 967 1763; x_wconf 78' lang='lat' dir='ltr'>Coelastri</span> <span class='ocrx_word' id='word_1_320' title='bbox 984 1745 1073 1775; x_wconf 87' lang='lat' dir='ltr'>genus</span> <span class='ocrx_word' id='word_1_321' title='bbox 1094 1734 1210 1773; x_wconf 88' lang='lat' dir='ltr'>insuper</span> <span class='ocrx_word' id='word_1_322' title='bbox 1228 1733 1472 1773; x_wconf 83' lang='lat' dir='ltr'>zoogonidiorum</span> <span class='ocrx_word' id='word_1_323' title='bbox 1495 1733 1608 1761; x_wconf 82' lang='lat' dir='ltr'>defectu</span> <span class='ocrx_word' id='word_1_324' title='bbox 1627 1732 1786 1761; x_wconf 86' lang='lat' dir='ltr'>discedunt.</span> 
     </span>
     <span class='ocr_line' id='line_1_30' title="bbox 221 1784 1787 1830; baseline -0.004 -12"><span class='ocrx_word' id='word_1_325' title='bbox 221 1789 443 1830; x_wconf 84' lang='lat' dir='ltr'>Hydrodictyon</span> <span class='ocrx_word' id='word_1_326' title='bbox 458 1794 599 1817; x_wconf 85' lang='lat' dir='ltr'>caeterum</span> <span class='ocrx_word' id='word_1_327' title='bbox 619 1798 708 1827; x_wconf 83' lang='lat' dir='ltr'>genus</span> <span class='ocrx_word' id='word_1_328' title='bbox 725 1792 775 1822; x_wconf 87' lang='lat' dir='ltr'>est,</span> <span class='ocrx_word' id='word_1_329' title='bbox 794 1792 824 1814; x_wconf 90' lang='lat' dir='ltr'>ut</span> <span class='ocrx_word' id='word_1_330' title='bbox 840 1786 877 1814; x_wconf 83' lang='lat' dir='ltr'>ita</span> <span class='ocrx_word' id='word_1_331' title='bbox 892 1786 992 1821; x_wconf 88' lang='lat' dir='ltr'>dicam,</span> <span class='ocrx_word' id='word_1_332' title='bbox 1011 1785 1179 1821; x_wconf 87' lang='lat' dir='ltr'>solitarium,</span> <span class='ocrx_word' id='word_1_333' title='bbox 1199 1784 1277 1813; x_wconf 89' lang='lat' dir='ltr'>nullo</span> <span class='ocrx_word' id='word_1_334' title='bbox 1292 1784 1347 1812; x_wconf 86' lang='lat' dir='ltr'>alio</span> <span class='ocrx_word' id='word_1_335' title='bbox 1363 1795 1460 1813; x_wconf 90' lang='lat' dir='ltr'>revera</span> <span class='ocrx_word' id='word_1_336' title='bbox 1480 1785 1683 1823; x_wconf 84' lang='lat' dir='ltr'>propinquum.</span> <span class='ocrx_word' id='word_1_337' title='bbox 1711 1786 1787 1820; x_wconf 73' lang='lat' dir='ltr'><em>Phy-</em></span> 
     </span>
     <span class='ocr_line' id='line_1_31' title="bbox 222 1831 1788 1878; baseline -0.004 -9"><span class='ocrx_word' id='word_1_338' title='bbox 222 1845 372 1878; x_wconf 80' lang='lat' dir='ltr'>sodiclymz</span> <span class='ocrx_word' id='word_1_339' title='bbox 387 1840 431 1875; x_wconf 83' lang='lat' dir='ltr'>K,</span> <span class='ocrx_word' id='word_1_340' title='bbox 450 1850 464 1867; x_wconf 90' lang='lat' dir='ltr'>a</span> <span class='ocrx_word' id='word_1_341' title='bbox 481 1839 515 1868; x_wconf 88' lang='lat' dir='ltr'>cl.</span> <span class='ocrx_word' id='word_1_342' title='bbox 531 1838 690 1867; x_wconf 85' lang='lat' dir='ltr'>Biasoletto</span> <span class='ocrx_word' id='word_1_343' title='bbox 706 1837 908 1877; x_wconf 88' lang='lat' dir='ltr'>Hydrodictyo</span> <span class='ocrx_word' id='word_1_344' title='bbox 930 1836 1102 1875; x_wconf 86' lang='lat' dir='ltr'>adscriptum</span> <span class='ocrx_word' id='word_1_345' title='bbox 1118 1831 1177 1874; x_wconf 88' lang='lat'>(¹),</span> <span class='ocrx_word' id='word_1_346' title='bbox 1196 1846 1228 1864; x_wconf 89' lang='lat' dir='ltr'>ex</span> <span class='ocrx_word' id='word_1_347' title='bbox 1249 1836 1419 1864; x_wconf 84' lang='lat' dir='ltr'>auctoritate</span> <span class='ocrx_word' id='word_1_348' title='bbox 1433 1835 1582 1875; x_wconf 86' lang='lat' dir='ltr'>Kiitzingii</span> <span class='ocrx_word' id='word_1_349' title='bbox 1601 1839 1788 1863; x_wconf 75' lang='lat' dir='ltr'>Enteromor-</span> 
     </span>
     <span class='ocr_line' id='line_1_32' title="bbox 219 1885 1787 1929; baseline -0.004 -9"><span class='ocrx_word' id='word_1_350' title='bbox 219 1897 295 1929; x_wconf 73' lang='lat' dir='ltr'>phac</span> <span class='ocrx_word' id='word_1_351' title='bbox 323 1890 524 1920; x_wconf 88' lang='lat' dir='ltr'>adsociandum</span> <span class='ocrx_word' id='word_1_352' title='bbox 549 1896 605 1924; x_wconf 69' lang='lat' dir='ltr'>est,</span> <span class='ocrx_word' id='word_1_353' title='bbox 632 1892 839 1925; x_wconf 82' lang='lat' dir='ltr'>Microdiclyon</span> <span class='ocrx_word' id='word_1_354' title='bbox 858 1889 959 1923; x_wconf 87' lang='lat' dir='ltr'>Dcne,</span> <span class='ocrx_word' id='word_1_355' title='bbox 983 1887 1016 1916; x_wconf 88' lang='lat' dir='ltr'>ab</span> <span class='ocrx_word' id='word_1_356' title='bbox 1040 1887 1177 1927; x_wconf 81' lang='lat' dir='ltr'>Agardho</span> <span class='ocrx_word' id='word_1_357' title='bbox 1202 1886 1270 1915; x_wconf 89' lang='lat' dir='ltr'>olim</span> <span class='ocrx_word' id='word_1_358' title='bbox 1294 1886 1346 1915; x_wconf 91' lang='lat' dir='ltr'>sub</span> <span class='ocrx_word' id='word_1_359' title='bbox 1373 1886 1574 1926; x_wconf 84' lang='lat' dir='ltr'>Hydrodictyo</span> <span class='ocrx_word' id='word_1_360' title='bbox 1598 1885 1787 1924; x_wconf 84' lang='lat' dir='ltr'>comprehen-</span> 
     </span>
     <span class='ocr_line' id='line_1_33' title="bbox 220 1936 1787 1981; baseline -0.005 -9"><span class='ocrx_word' id='word_1_361' title='bbox 220 1937 347 1981; x_wconf 72' lang='lat' dir='ltr'>sum(²),</span> <span class='ocrx_word' id='word_1_362' title='bbox 367 1953 381 1971; x_wconf 91' lang='lat' dir='ltr'>a</span> <span class='ocrx_word' id='word_1_363' title='bbox 396 1941 431 1970; x_wconf 89' lang='lat' dir='ltr'>cl.</span> <span class='ocrx_word' id='word_1_364' title='bbox 446 1941 586 1970; x_wconf 86' lang='lat' dir='ltr'>Decaisne</span> <span class='ocrx_word' id='word_1_365' title='bbox 602 1946 630 1969; x_wconf 87' lang='lat' dir='ltr'>et</span> <span class='ocrx_word' id='word_1_366' title='bbox 644 1940 800 1968; x_wconf 88' lang='lat' dir='ltr'>Endlicher</span> <span class='ocrx_word' id='word_1_367' title='bbox 818 1939 847 1968; x_wconf 88' lang='lat' dir='ltr'>in</span> <span class='ocrx_word' id='word_1_368' title='bbox 862 1939 938 1968; x_wconf 89' lang='lat' dir='ltr'>tribu</span> <span class='ocrx_word' id='word_1_369' title='bbox 952 1938 1232 1979; x_wconf 75' lang='lat' dir='ltr'>HydrodIctyearum</span> <span class='ocrx_word' id='word_1_370' title='bbox 1247 1937 1428 1974; x_wconf 87' lang='lat' dir='ltr'>collocatum,</span> <span class='ocrx_word' id='word_1_371' title='bbox 1446 1948 1461 1966; x_wconf 86' lang='lat' dir='ltr'>a</span> <span class='ocrx_word' id='word_1_372' title='bbox 1475 1937 1510 1966; x_wconf 92' lang='lat' dir='ltr'>cl.</span> <span class='ocrx_word' id='word_1_373' title='bbox 1523 1937 1652 1977; x_wconf 76' lang='lat' dir='ltr'>Kiitzing</span> <span class='ocrx_word' id='word_1_374' title='bbox 1666 1936 1787 1976; x_wconf 87' lang='lat' dir='ltr'>optimo,</span> 
     </span>
    </p>
   </div>
   <div class='ocr_carea' id='block_1_6' title="bbox 1233 2027 1787 2032">
    <p class='ocr_par' dir='ltr' id='par_1_6' title="bbox 1233 2027 1787 2032">
     <span class='ocr_line' id='line_1_34' title="bbox 1233 2027 1787 2032; baseline 0 0"><span class='ocrx_word' id='word_1_375' title='bbox 1233 2027 1787 2032; x_wconf 95' lang='lat' dir='ltr'> </span> 
     </span>
    </p>
   </div>
   <div class='ocr_carea' id='block_1_7' title="bbox 284 2031 1050 2037">
    <p class='ocr_par' dir='ltr' id='par_1_7' title="bbox 284 2031 1050 2037">
     <span class='ocr_line' id='line_1_35' title="bbox 284 2031 1050 2037; baseline 0 0"><span class='ocrx_word' id='word_1_376' title='bbox 284 2031 1050 2037; x_wconf 95' lang='lat' dir='ltr'> </span> 
     </span>
    </p>
   </div>
   <div class='ocr_carea' id='block_1_8' title="bbox 1045 2084 1122 2105">
    <p class='ocr_par' dir='ltr' id='par_1_8' title="bbox 1045 2084 1122 2105">
     <span class='ocr_line' id='line_1_36' title="bbox 1045 2084 1122 2105; baseline 0 -4"><span class='ocrx_word' id='word_1_377' title='bbox 1045 2084 1052 2105; x_wconf 78' lang='lat'><strong><em>1</em></strong></span> <span class='ocrx_word' id='word_1_378' title='bbox 1075 2091 1122 2102; x_wconf 85' lang='lat' dir='ltr'>mm.</span> 
     </span>
    </p>
   </div>
   <div class='ocr_carea' id='block_1_9' title="bbox 222 2085 1793 2386">
    <p class='ocr_par' dir='ltr' id='par_1_9' title="bbox 222 2085 1793 2337">
     <span class='ocr_line' id='line_1_37' title="bbox 224 2085 1787 2134; baseline -0.004 -12"><span class='ocrx_word' id='word_1_379' title='bbox 224 2093 316 2123; x_wconf 90' lang='lat' dir='ltr'>Color</span> <span class='ocrx_word' id='word_1_380' title='bbox 328 2093 400 2122; x_wconf 87' lang='lat' dir='ltr'>laete</span> <span class='ocrx_word' id='word_1_381' title='bbox 414 2092 521 2128; x_wconf 85' lang='lat' dir='ltr'>viridis,</span> <span class='ocrx_word' id='word_1_382' title='bbox 536 2092 563 2120; x_wconf 89' lang='lat' dir='ltr'>in</span> <span class='ocrx_word' id='word_1_383' title='bbox 578 2092 654 2121; x_wconf 91' lang='lat' dir='ltr'>sicco</span> <span class='ocrx_word' id='word_1_384' title='bbox 670 2091 839 2120; x_wconf 83' lang='lat' dir='ltr'>fuscescens.</span> <span class='ocrx_word' id='word_1_385' title='bbox 868 2090 928 2119; x_wconf 83' lang='lat' dir='ltr'>Fila</span> <span class='ocrx_word' id='word_1_386' title='bbox 944 2085 1065 2134; x_wconf 46' lang='lat' dir='ltr'>ss—ffi</span> <span class='ocrx_word' id='word_1_387' title='bbox 1138 2100 1236 2118; x_wconf 85' lang='lat' dir='ltr'>crassa.</span> <span class='ocrx_word' id='word_1_388' title='bbox 1266 2088 1394 2118; x_wconf 88' lang='lat' dir='ltr'>Cellulae</span> <span class='ocrx_word' id='word_1_389' title='bbox 1416 2089 1554 2117; x_wconf 85' lang='lat' dir='ltr'>diametro</span> <span class='ocrx_word' id='word_1_390' title='bbox 1570 2087 1707 2126; x_wconf 83' lang='lat' dir='ltr'>2-5plo</span> <span class='ocrx_word' id='word_1_391' title='bbox 1724 2087 1787 2115; x_wconf 81' lang='lat' dir='ltr'>lon-</span> 
     </span>
     <span class='ocr_line' id='line_1_38' title="bbox 223 2140 1787 2185; baseline -0.004 -12"><span class='ocrx_word' id='word_1_392' title='bbox 223 2145 328 2185; x_wconf 84' lang='lat' dir='ltr'>giores.</span> <span class='ocrx_word' id='word_1_393' title='bbox 355 2144 463 2183; x_wconf 85' lang='lat' dir='ltr'>Sporae</span> <span class='ocrx_word' id='word_1_394' title='bbox 478 2143 580 2180; x_wconf 86' lang='lat' dir='ltr'>fuscae,</span> <span class='ocrx_word' id='word_1_395' title='bbox 595 2143 811 2182; x_wconf 83' lang='lat' dir='ltr'>sporodermate</span> <span class='ocrx_word' id='word_1_396' title='bbox 826 2141 931 2180; x_wconf 86' lang='lat' dir='ltr'>duplici</span> <span class='ocrx_word' id='word_1_397' title='bbox 947 2141 1080 2177; x_wconf 83' lang='lat' dir='ltr'>munitae,</span> <span class='ocrx_word' id='word_1_398' title='bbox 1102 2142 1131 2170; x_wconf 89' lang='lat' dir='ltr'>in</span> <span class='ocrx_word' id='word_1_399' title='bbox 1147 2140 1247 2169; x_wconf 91' lang='lat' dir='ltr'>eodem</span> <span class='ocrx_word' id='word_1_400' title='bbox 1262 2140 1364 2169; x_wconf 87' lang='lat' dir='ltr'>tubulo</span> <span class='ocrx_word' id='word_1_401' title='bbox 1380 2140 1566 2169; x_wconf 89' lang='lat' dir='ltr'>coniunctivo</span> <span class='ocrx_word' id='word_1_402' title='bbox 1580 2149 1787 2177; x_wconf 89' lang='lat' dir='ltr'>nonnunquam</span> 
     </span>
     <span class='ocr_line' id='line_1_39' title="bbox 224 2191 1787 2234; baseline -0.004 -10"><span class='ocrx_word' id='word_1_403' title='bbox 224 2195 316 2224; x_wconf 90' lang='lat' dir='ltr'>binae.</span> <span class='ocrx_word' id='word_1_404' title='bbox 346 2195 447 2223; x_wconf 84' lang='lat' dir='ltr'>Rarius</span> <span class='ocrx_word' id='word_1_405' title='bbox 468 2194 513 2223; x_wconf 83' lang='lat' dir='ltr'>fila</span> <span class='ocrx_word' id='word_1_406' title='bbox 532 2194 715 2234; x_wconf 85' lang='lat' dir='ltr'>geniculatim</span> <span class='ocrx_word' id='word_1_407' title='bbox 737 2193 890 2222; x_wconf 86' lang='lat' dir='ltr'>coniuncta</span> <span class='ocrx_word' id='word_1_408' title='bbox 905 2198 1062 2221; x_wconf 89' lang='lat' dir='ltr'>occurrunt</span> <span class='ocrx_word' id='word_1_409' title='bbox 1081 2198 1110 2220; x_wconf 89' lang='lat' dir='ltr'>ut</span> <span class='ocrx_word' id='word_1_410' title='bbox 1132 2191 1161 2220; x_wconf 78' lang='lat' dir='ltr'>In</span> <span class='ocrx_word' id='word_1_411' title='bbox 1181 2194 1347 2226; x_wconf 76' lang='lat' dir='ltr'>Mougeotz&#39;a</span> <span class='ocrx_word' id='word_1_412' title='bbox 1361 2194 1526 2228; x_wconf 70' lang='lat' dir='ltr'>genuflexa,</span> <span class='ocrx_word' id='word_1_413' title='bbox 1555 2195 1583 2219; x_wconf 89' lang='lat' dir='ltr'>et</span> <span class='ocrx_word' id='word_1_414' title='bbox 1602 2195 1670 2218; x_wconf 93' lang='lat' dir='ltr'>tunc</span> <span class='ocrx_word' id='word_1_415' title='bbox 1685 2199 1787 2228; x_wconf 90' lang='lat' dir='ltr'>sporae</span> 
     </span>
     <span class='ocr_line' id='line_1_40' title="bbox 222 2241 1793 2283; baseline -0.004 -8"><span class='ocrx_word' id='word_1_416' title='bbox 222 2246 252 2275; x_wconf 83' lang='lat' dir='ltr'>in</span> <span class='ocrx_word' id='word_1_417' title='bbox 270 2245 371 2274; x_wconf 85' lang='lat' dir='ltr'>tubulo</span> <span class='ocrx_word' id='word_1_418' title='bbox 386 2251 547 2275; x_wconf 80' lang='lat' dir='ltr'>transverso</span> <span class='ocrx_word' id='word_1_419' title='bbox 562 2251 590 2274; x_wconf 90' lang='lat' dir='ltr'>et</span> <span class='ocrx_word' id='word_1_420' title='bbox 604 2245 698 2274; x_wconf 87' lang='lat' dir='ltr'>medio</span> <span class='ocrx_word' id='word_1_421' title='bbox 711 2244 811 2273; x_wconf 84' lang='lat' dir='ltr'>inssato</span> <span class='ocrx_word' id='word_1_422' title='bbox 825 2244 943 2283; x_wconf 82' lang='lat' dir='ltr'>positae,</span> <span class='ocrx_word' id='word_1_423' title='bbox 963 2248 993 2271; x_wconf 83' lang='lat' dir='ltr'>ut</span> <span class='ocrx_word' id='word_1_424' title='bbox 1011 2243 1040 2271; x_wconf 90' lang='lat' dir='ltr'>in</span> <span class='ocrx_word' id='word_1_425' title='bbox 1054 2245 1234 2277; x_wconf 77' lang='lat' dir='ltr'>Mesocarpo.</span> <span class='ocrx_word' id='word_1_426' title='bbox 1261 2242 1402 2279; x_wconf 88' lang='lat' dir='ltr'>Berolini,</span> <span class='ocrx_word' id='word_1_427' title='bbox 1416 2242 1445 2270; x_wconf 89' lang='lat' dir='ltr'>in</span> <span class='ocrx_word' id='word_1_428' title='bbox 1459 2248 1561 2281; x_wconf 83' lang='lat' dir='ltr'>stagno</span> <span class='ocrx_word' id='word_1_429' title='bbox 1577 2241 1610 2269; x_wconf 88' lang='lat' dir='ltr'>ad</span> <span class='ocrx_word' id='word_1_430' title='bbox 1623 2243 1793 2277; x_wconf 74' lang='lat' dir='ltr'>Tempelhof</span> 
     </span>
     <span class='ocr_line' id='line_1_41' title="bbox 222 2297 469 2337; baseline -0.004 -11"><span class='ocrx_word' id='word_1_431' title='bbox 222 2297 280 2337; x_wconf 86' lang='lat' dir='ltr'>legi</span> <span class='ocrx_word' id='word_1_432' title='bbox 295 2297 375 2336; x_wconf 87' lang='lat' dir='ltr'>Sept.</span> <span class='ocrx_word' id='word_1_433' title='bbox 393 2301 469 2325; x_wconf 83' lang='grc'>1851.</span> 
     </span>
    </p>

    <p class='ocr_par' dir='ltr' id='par_1_10' title="bbox 299 2342 1747 2386">
     <span class='ocr_line' id='line_1_42' title="bbox 299 2342 1747 2386; baseline -0.003 -12"><span class='ocrx_word' id='word_1_434' title='bbox 299 2344 347 2386; x_wconf 79' lang='lat'>(¹)</span> <span class='ocrx_word' id='word_1_435' title='bbox 376 2349 592 2384; x_wconf 78' lang='lat' dir='ltr'>Hydrodictyon</span> <span class='ocrx_word' id='word_1_436' title='bbox 605 2349 786 2384; x_wconf 81' lang='lat' dir='ltr'>granisorme</span> <span class='ocrx_word' id='word_1_437' title='bbox 805 2345 963 2375; x_wconf 87' lang='lat' dir='ltr'>Biasoletto</span> <span class='ocrx_word' id='word_1_438' title='bbox 980 2350 1022 2374; x_wconf 91' lang='lat' dir='ltr'>est</span> <span class='ocrx_word' id='word_1_439' title='bbox 1035 2347 1251 2381; x_wconf 74' lang='lat' dir='ltr'>Plzysodiclyon</span> <span class='ocrx_word' id='word_1_440' title='bbox 1264 2346 1445 2380; x_wconf 77' lang='lat' dir='ltr'>graniforme</span> <span class='ocrx_word' id='word_1_441' title='bbox 1459 2344 1494 2371; x_wconf 88' lang='lat' dir='ltr'>K.</span> <span class='ocrx_word' id='word_1_442' title='bbox 1510 2354 1550 2382; x_wconf 90' lang='lat' dir='ltr'>sp.</span> <span class='ocrx_word' id='word_1_443' title='bbox 1566 2342 1633 2383; x_wconf 86' lang='lat' dir='ltr'>Alg.</span> <span class='ocrx_word' id='word_1_444' title='bbox 1649 2342 1747 2381; x_wconf 79' lang='lat' dir='ltr'>p.l182.</span> 
     </span>
    </p>
   </div>
   <div class='ocr_carea' id='block_1_10' title="bbox 222 2401 1786 2548">
    <p class='ocr_par' dir='ltr' id='par_1_11' title="bbox 222 2401 1786 2548">
     <span class='ocr_line' id='line_1_43' title="bbox 299 2401 1786 2446; baseline -0.003 -11"><span class='ocrx_word' id='word_1_445' title='bbox 299 2401 347 2446; x_wconf 59' lang='lat'>(⁴²)</span> <span class='ocrx_word' id='word_1_446' title='bbox 374 2409 591 2444; x_wconf 72' lang='lat' dir='ltr'>Hydrodictyon</span> <span class='ocrx_word' id='word_1_447' title='bbox 609 2411 804 2435; x_wconf 80' lang='lat' dir='ltr'>umbilicatum</span> <span class='ocrx_word' id='word_1_448' title='bbox 824 2405 880 2446; x_wconf 85' lang='lat' dir='ltr'>Ag.</span> <span class='ocrx_word' id='word_1_449' title='bbox 901 2411 968 2445; x_wconf 81' lang='lat' dir='ltr'>syst.</span> <span class='ocrx_word' id='word_1_450' title='bbox 988 2404 1055 2445; x_wconf 79' lang='lat' dir='ltr'>Alg.</span> <span class='ocrx_word' id='word_1_451' title='bbox 1075 2416 1102 2444; x_wconf 93' lang='lat' dir='ltr'>p.</span> <span class='ocrx_word' id='word_1_452' title='bbox 1119 2410 1150 2434; x_wconf 78' lang='lat'>85</span> <span class='ocrx_word' id='word_1_453' title='bbox 1171 2406 1330 2442; x_wconf 72' lang='lat' dir='ltr'>(Conferva</span> <span class='ocrx_word' id='word_1_454' title='bbox 1349 2407 1515 2431; x_wconf 74' lang='lat' dir='ltr'>umbilicum</span> <span class='ocrx_word' id='word_1_455' title='bbox 1531 2402 1632 2442; x_wconf 83' lang='lat' dir='ltr'>Velley</span> <span class='ocrx_word' id='word_1_456' title='bbox 1651 2402 1680 2431; x_wconf 74' lang='lat' dir='ltr'>in</span> <span class='ocrx_word' id='word_1_457' title='bbox 1700 2402 1786 2431; x_wconf 83' lang='lat' dir='ltr'>Linn.</span> 
     </span>
     <span class='ocr_line' id='line_1_44' title="bbox 222 2454 1785 2497; baseline -0.004 -9"><span class='ocrx_word' id='word_1_458' title='bbox 222 2464 356 2488; x_wconf 78' lang='lat' dir='ltr'>transact.</span> <span class='ocrx_word' id='word_1_459' title='bbox 370 2464 401 2494; x_wconf 82' lang='lat'>5,</span> <span class='ocrx_word' id='word_1_460' title='bbox 419 2469 445 2497; x_wconf 88' lang='lat' dir='ltr'>p.</span> <span class='ocrx_word' id='word_1_461' title='bbox 461 2461 519 2489; x_wconf 77' lang='lat'>169.</span> <span class='ocrx_word' id='word_1_462' title='bbox 539 2463 559 2486; x_wconf 83' lang='lat' dir='ltr'>t.</span> <span class='ocrx_word' id='word_1_463' title='bbox 571 2459 600 2495; x_wconf 86' lang='lat'>7)</span> <span class='ocrx_word' id='word_1_464' title='bbox 620 2464 662 2486; x_wconf 77' lang='lat' dir='ltr'>est</span> <span class='ocrx_word' id='word_1_465' title='bbox 681 2461 889 2494; x_wconf 76' lang='lat' dir='ltr'>Microdictyon</span> <span class='ocrx_word' id='word_1_466' title='bbox 902 2460 1124 2492; x_wconf 76' lang='lat' dir='ltr'>Agardlzianum</span> <span class='ocrx_word' id='word_1_467' title='bbox 1142 2456 1177 2485; x_wconf 84' lang='grc' dir='ltr'>Κ.</span> <span class='ocrx_word' id='word_1_468' title='bbox 1197 2466 1239 2494; x_wconf 90' lang='lat' dir='ltr'>sp.</span> <span class='ocrx_word' id='word_1_469' title='bbox 1258 2454 1325 2495; x_wconf 87' lang='lat' dir='ltr'>Alg.</span> <span class='ocrx_word' id='word_1_470' title='bbox 1345 2460 1434 2494; x_wconf 84' lang='lat' dir='ltr'>p.5l9</span> <span class='ocrx_word' id='word_1_471' title='bbox 1455 2456 1551 2493; x_wconf 81' lang='lat' dir='ltr'>(Micr.</span> <span class='ocrx_word' id='word_1_472' title='bbox 1565 2456 1785 2489; x_wconf 76' lang='lat' dir='ltr'>Agardhianum</span> 
     </span>
     <span class='ocr_line' id='line_1_45' title="bbox 224 2507 902 2548; baseline -0.001 -9"><span class='ocrx_word' id='word_1_473' title='bbox 224 2516 253 2540; x_wconf 92' lang='lat' dir='ltr'>et</span> <span class='ocrx_word' id='word_1_474' title='bbox 270 2513 455 2546; x_wconf 83' lang='lat' dir='ltr'>Velleyanum</span> <span class='ocrx_word' id='word_1_475' title='bbox 468 2508 551 2537; x_wconf 88' lang='lat' dir='ltr'>Dcne</span> <span class='ocrx_word' id='word_1_476' title='bbox 565 2507 603 2547; x_wconf 87' lang='lat' dir='ltr'>pl.</span> <span class='ocrx_word' id='word_1_477' title='bbox 617 2507 652 2537; x_wconf 88' lang='lat' dir='ltr'>de</span> <span class='ocrx_word' id='word_1_478' title='bbox 666 2508 773 2538; x_wconf 73' lang='lat' dir='ltr'>l’Arab.</span> <span class='ocrx_word' id='word_1_479' title='bbox 788 2520 815 2548; x_wconf 88' lang='lat' dir='ltr'>p.</span> <span class='ocrx_word' id='word_1_480' title='bbox 827 2514 837 2537; x_wconf 81' lang='lat'>1</span> <span class='ocrx_word' id='word_1_481' title='bbox 849 2510 902 2547; x_wconf 81' lang='grc'>15).</span> 
     </span>
    </p>
   </div>
  </div>
 </body>
</html>
