2225 3020
1169 205 1214 239 64

1160 304 1243 340 VII.

994 380 1398 419 PEDIASTRUM.

554 479 669 529 Algae
689 478 957 523 unicellulares,
981 476 1194 512 normaliter
1218 478 1506 520 coenobioticae‚
1533 490 1601 527 per
1627 480 1877 528 exceptionem
1896 490 1987 512 non-

414 557 601 593 nunquam
620 544 909 579 eremobioticae.
948 541 1180 577 Coenobium
1200 540 1376 585 liberum,
1406 543 1533 576 sistens
1559 540 1725 576 laminam
1747 541 1989 576 orbicularem

415 610 544 655 (rarius
572 606 799 656 ellipticam),
836 605 1045 649 coronulae,
1079 604 1202 639 stellae
1229 603 1287 639 vel
1315 604 1455 640 rotulae
1484 604 1649 648 similem,
1680 612 1740 639 aut
1764 607 1985 649 continuam,

414 679 473 706 aut
492 671 627 706 lacunis
647 670 977 705 intercellularibus
998 670 1235 717 interruptam
1257 673 1466 717 (pertusam,
1490 667 1728 715 clathratam),
1752 670 1990 717 compositam

416 748 435 770 e
456 734 598 769 cellulis
618 736 794 769 rarissime
815 734 848 777 ἱ),
878 735 991 767 rarius
1010 732 1046 776 4,
1076 733 1279 781 saepissime
1299 731 1333 775 8,
1362 731 1418 775 16,
1447 731 1493 766 32
1512 731 1570 766 vel
1590 732 1649 775 64,
1679 733 1715 766 in
1733 739 1881 766 stratum
1909 734 1990 766 sim-

415 798 500 848 plex
518 798 576 834 vel
595 800 707 833 rarius
727 796 847 832 medio
869 795 1093 845 duplicatum
1113 794 1240 830 ordine
1262 793 1378 844 (quod
1399 808 1416 829 a
1431 807 1582 830 numero
1604 794 1817 830 cellularum
1838 794 1988 844 pendet)

415 870 475 897 aut
494 861 725 912 monocyclio
758 868 818 895 aut
845 861 1075 894 concentrice
1094 858 1316 909 polycyclio,
1346 860 1458 893 rarius
1477 858 1655 908 spiraliter
1672 858 1731 894 vel
1750 858 1992 907 irregulariter

415 927 624 966 coniunctis,
643 924 863 974 plerumque
878 922 1179 972 heteromorphis,
1199 922 1340 957 cellulis
1360 921 1612 971 marginalibus
1629 921 1785 967 (radium
1803 921 1989 956 formanti-

1687 988 1735 1035 gis
1755 988 1915 1021 minusve
1934 998 1990 1020 re-

416 1053 639 1088 cedentibus.
664 1051 831 1087 Cellulae
852 1050 1051 1095 (individua
1071 1050 1255 1094 coenobii)
1276 1049 1477 1099 depressae,
1501 1049 1651 1084 tabellas
1670 1052 1831 1084 sistentes
1856 1057 1916 1084 aut
1936 1051 1988 1083 in-

414 991 497 1036 bus)
515 1003 531 1024 a
550 987 767 1023 centralibus
788 987 943 1033 (discum
962 986 1278 1032 constituentibus)
1307 985 1429 1035 quoad
1447 985 1600 1020 formam
1627 999 1683 1020 ma

415 1125 541 1166 tegi-as,
566 1123 626 1150 aut
651 1117 765 1150 antice
788 1115 941 1158 bilobas,
967 1113 1061 1149 lobis
1082 1113 1297 1148 cellularum
1318 1112 1507 1147 radialium
1522 1120 1582 1147 aut
1603 1112 1836 1162 simplicibus,
1862 1120 1922 1147 aut
1936 1113 1990 1147 bi-

416 1180 589 1224 dentatis,
619 1192 725 1228 saepe
753 1181 788 1213 in
814 1192 950 1213 cornua
975 1177 1177 1228 productis.
1235 1176 1484 1227 Cytioplasma
1513 1175 1645 1220 viride,
1685 1174 1830 1210 demum
1862 1189 1989 1225 granu-

416 1244 546 1288 losum,
574 1242 725 1293 globulo
746 1245 854 1277 unico
873 1241 1091 1277 subcentrali
1110 1248 1145 1275 et
1168 1253 1274 1290 saepe
1298 1240 1458 1275 vacuolis
1478 1240 1500 1274 ⁶.)
1520 1262 1558 1266 —
1580 1240 1600 1274 6
1620 1241 1848 1274 instructum.
1893 1239 1990 1274 Zoo·
2012 1245 2016 1250 '

414 1307 557 1357 gonidia
576 1306 856 1357 cytioplasmatis
876 1306 1049 1341 divisione
1070 1305 1394 1354 repetito-binaria,
1425 1303 1623 1338 directione
1644 1302 1687 1337 ad
1707 1310 1778 1338 tres
1797 1302 1990 1338 dimensio-

414 1385 477 1407 nes
497 1370 708 1413 alternante,
740 1378 830 1414 01·ta‚
863 1369 1018 1419 duplicis
1038 1367 1191 1403 indolis:
1220 1367 1488 1416 macrogonidia
1507 1366 1726 1416 subglobosa
1746 1366 1780 1410 ἱ),
1808 1367 1843 1410 4,
1867 1368 1902 1410 8,
1931 1367 1987 1410 16,

415 1435 462 1470 32
481 1434 539 1470 vel
559 1435 618 1478 64,
641 1447 708 1483 per
727 1432 880 1468 cellulae
900 1434 1054 1467 matricis
1079 1433 1251 1481 parietem
1271 1433 1359 1465 rima
1379 1439 1577 1466 transversa
1597 1429 1720 1464 fissum
1738 1442 1809 1463 una
1828 1442 1909 1464 cum
1929 1443 1989 1466 ve-

415 1500 485 1534 sica
505 1497 700 1547 gelatinosa
720 1496 929 1531 includente
948 1497 1235 1545 prorumpentia,
1260 1496 1351 1529 intra
1369 1496 1523 1529 vesicam
1543 1501 1625 1543 post
1643 1500 1787 1542 partum
1808 1492 1990 1527 dilatatam

416 1562 581 1597 alacriter
595 1568 691 1596 mota
709 1568 743 1595 ct
764 1559 910 1594 demum
930 1561 966 1593 in
986 1559 1205 1593 coenobium
1222 1557 1331 1592 filiale
1351 1559 1562 1600 coniuncta,
1585 1555 1845 1605 microgonidia
1864 1568 1989 1590 nume-

416 1628 606 1665 rosissima,
619 1624 750 1660 eodem
766 1622 877 1658 modo
891 1630 981 1663 nata,
1000 1622 1063 1658 sed
1080 1634 1162 1656 mox
1177 1623 1331 1657 vesicam
1347 1620 1593 1655 includentem
1608 1621 1812 1669 rumpentia
1828 1627 1862 1654 et
1876 1619 1990 1654 libere

418 1689 591 1740 dispersa,
616 1696 731 1732 ovata,
764 1690 800 1722 in
825 1695 983 1721 rostrum
1002 1685 1189 1736 hyalinum
1209 1687 1407 1720 acuminata
1427 1692 1462 1719 et
1490 1683 1578 1719 ciliis
1598 1684 1799 1720 vibratoriis
1826 1683 1918 1718 binis
1936 1685 1989 1718 in-

416 1761 560 1796 structa,
583 1760 623 1788 ut
641 1751 786 1788 videtur
804 1750 950 1786 sterilia.

1035 1819 1173 1847 Nomen
1204 1817 1370 1858 generis.

543 1886 700 1914 Historiam
718 1884 869 1913 litei-ariam
886 1882 1025 1911 Pediastri
1044 1882 1095 1910 sub
1111 1881 1285 1909 Micrasteria
1303 1881 1362 1909 fuse
1377 1879 1557 1908 tractavitill.
1572 1879 1744 1919 Ehrenberg
1759 1874 1819 1915 (¹),
1845 1889 1927 1918 quam
1950 1878 1987 1908 ob

416 1948 486 1973 rem,
514 1937 690 1975 antiquiores
709 1935 806 1974 Boryi,
827 1935 951 1973 Turpini
968 1940 996 1961 et
1011 1934 1138 1961 Losanae
1154 1932 1187 1960 de
1203 1932 1278 1960 hisce
1301 1932 1434 1970 plantulis
1450 1931 1582 1959 notiones
1602 1931 1694 1959 minus
1716 1935 1858 1959 accuratas
1881 1936 1909 1958 et
1930 1941 1988 1958 ma-

417 1998 546 2029 gnopere
574 1988 705 2016 confusas
733 1986 848 2014 silentio
877 1985 1106 2023 praetermittens
1135 1989 1163 2011 et
1189 1984 1350 2012 recentiora
1378 1983 1513 2021 quaedam
1540 1982 1612 2010 infra
1640 1986 1926 2016 commemoraturus,
1953 1981 1988 2010 de

417 2040 585 2079 quaestione
609 2038 774 2077 praesertim
796 2048 887 2076 agam,
908 2042 1001 2064 utrum
1025 2038 1181 2069 Pediustrr',
1202 2046 1236 2062 an
1256 2035 1351 2073 potius
1372 2037 1571 2062 Micrasleriae
1594 2044 1697 2068 nomen
1720 2033 1783 2060 huic
1812 2032 1910 2072 generi
1939 2032 1989 2060 tri-

416 2090 560 2119 buendum
576 2090 620 2118 sit.
646 2092 845 2117 Micrasteriae
866 2098 955 2127 genus
977 2098 991 2115 a
1012 2086 1045 2115 cl.
1068 2086 1184 2126 Agardh
1208 2087 1235 2114 in
1256 2086 1345 2114 diario
1366 2085 1424 2113 bot.
1447 2084 1650 2113 Ratisbonensi
1676 2089 1740 2113 1827
1767 2094 1793 2122 p.
1810 2088 1861 2111 0¹¹2
1883 2093 1989 2122 propo-

416 2142 500 2170 situm
526 2147 567 2169 est
589 2141 622 2169 ad
638 2140 791 2179 plantulam
814 2150 903 2177 prope
927 2142 1068 2166 Carlsbad
1089 2137 1277 2172 observatam,
1296 2140 1333 2164 M.
1343 2139 1505 2173 sarratam,
1527 2135 1571 2163 cui
1594 2141 1676 2163 autor
1691 2134 1821 2162 frondem
1844 2134 1988 2163 membra-

419 2204 545 2227 naceum,
575 2192 726 2227 radiatam,
753 2191 869 2219 materia
891 2190 975 2217 viridi
1006 2190 1130 2227 dispersa
1154 2188 1290 2226 repletam
1312 2194 1339 2216 et
1361 2188 1453 2215 radios
1473 2186 1577 2225 pluries
1601 2186 1733 2221 furcatos,
1761 2185 1878 2213 obtusos
1900 2185 1987 2213 adtri-

419 2244 488 2272 buit.
516 2244 643 2271 Atlnotat
663 2243 780 2281 insuper
800 2245 975 2269 Erln'nellam
997 2244 1147 2268 radiosum
1168 2239 1282 2279 Lyngb.
1310 2245 1338 2267 et
1363 2242 1543 2266 Riouluritmz
1563 2240 1788 2273 r1‘cc1'aesormem
1813 2236 1898 2276 Engl.
1919 2237 1987 2264 Bot.

420 2295 451 2322 ad
472 2295 544 2323 idem
567 2305 656 2334 genus
677 2294 738 2322 sine
763 2292 849 2321 dubio
868 2291 1067 2320 adscribendas
1091 2301 1159 2319 esse.
1190 2290 1327 2326 Qaeritur
1348 2300 1423 2318 nunc
1445 2295 1539 2317 utrum
1564 2293 1647 2316 autor
1675 2288 1797 2323 Euastrss
1825 2299 1860 2316 an
1886 2287 1987 2316 Pedia-

420 2346 469 2373 stri
490 2346 613 2384 speciem
634 2345 827 2373 Micrasteriae
846 2344 969 2371 surcatae
985 2342 1178 2380 descriptione
1201 2341 1414 2381 significaverit.
1445 2340 1489 2369 ΕΙ.
1513 2339 1684 2379 Ehrenberg
1705 2339 1842 2368 Pediastri
1862 2339 1985 2378 speciem

497 2475 544 2516 (¹)
572 2479 697 2509 Ehrenb.
715 2480 742 2508 in
759 2479 832 2507 Abh.
849 2479 898 2507 der
912 2478 964 2506 Ak.
981 2477 1006 2506 d.
1021 2477 1076 2505 W.
1097 2482 1124 2505 18
1136 2482 1160 2504 53
1176 2487 1204 2515 p.
1222 2481 1271 2508 298
1288 2481 1316 2504 et
1334 2475 1421 2503 Insus.
1439 2480 1505 2504 1838
1521 2485 1548 2513 p.
1569 2480 1625 2504 155.
