2225 3020
975 204 1022 240 95

220 305 307 342 disci
338 306 545 357 magnitudo
574 306 720 342 relativa
755 305 875 355 quoad
900 314 1067 352 aetatem,
1102 316 1143 343 ut
1166 316 1201 344 et
1219 310 1254 343 in
1282 308 1430 358 reliquis
1453 310 1653 359 speciebuS,
1676 309 1777 346 valde

218 378 393 414 mutatur,
415 370 477 405 tali
502 369 627 413 mod0‚
655 377 694 405 ut
720 372 756 405 in
775 370 989 406 iuvenilibus
1015 371 1168 407 cellulae
1191 371 1280 406 radii
1298 373 1406 420 magis
1426 373 1613 422 bipartitae
1633 380 1667 408 et
1685 373 1778 409 lobis

217 434 479 484 angustioribus
497 434 699 475 instructae,
720 433 871 469 cellulae
898 433 985 469 disci
1010 434 1226 484 profundius
1255 437 1489 483 emarginatae
1508 436 1665 486 indeque
1680 436 1776 472 lacu-

215 509 282 533 nae
309 499 462 532 maiores
480 495 695 546 adpareant;
726 505 760 532 at
777 499 971 547 specimina
1003 497 1124 533 adulta
1144 511 1294 547 quoque
1314 497 1438 533 eadem
1462 502 1599 535 ratione
1626 502 1773 536 variant.

217 559 382 596 Cellulae
400 559 489 595 radii
507 560 742 610 profundius,
773 573 879 611 saepe
908 561 1001 596 ultra
1020 560 1179 596 medium
1199 561 1343 596 bilobae
1371 563 1407 596 in
1424 565 1591 598 varietate
1612 578 1644 598 α.
1667 562 1711 598 ad
1731 577 1772 608 ε.,

214 623 358 659 brevius
382 622 526 658 bilobae
553 623 612 659 vel
636 631 774 658 tanturn
801 626 1034 674 emarginatae
1058 626 1094 659 in
1113 627 1281 660 varietate
1306 624 1450 669 ultima3
1487 625 1563 660 lobi
1587 634 1647 661 aut
1666 630 1775 662 erecti

215 687 263 734 (α,
276 681 318 726 β,
336 701 371 729 γ,
386 690 436 730 ε),
465 694 525 722 aut
543 686 684 736 obliqui
702 695 737 722 et
755 690 862 737 magis
882 687 1050 723 distantes
1071 687 1140 733 (ζ),
1172 695 1232 723 aut
1257 688 1690 738 recurvato-divergentes
1710 687 1773 736 (δ),

214 751 343 785 sensim
362 740 532 785 attenuati
550 752 587 784 in
606 763 741 785 cornua
760 751 946 799 graciliora
965 760 1000 787 et
1024 751 1188 800 longiora
1211 751 1444 801 (plerumque
1465 754 1501 786 in
1520 767 1540 785 α
1559 760 1594 788 et
1612 750 1663 797 ὃ),
1693 754 1774 789 bre-

213 815 313 849 viora
333 821 369 848 et
392 815 562 848 crassiora
582 816 627 860 (ε)
647 813 706 849 vel
729 815 935 850 brevissima
963 823 998 850 et
1022 817 1138 850 minus
1166 828 1279 850 crassa
1307 817 1358 860 (in
1376 810 1419 852 Β.
1441 815 1689 865 plerumque).
1733 817 1775 851 In

212 879 381 913 varietate
406 876 631 924 brachyloba
656 890 791 912 cornua
816 879 1005 928 pei-brevia
1030 878 1124 913 lobis
1150 879 1394 913 obtusioribus
1428 879 1580 928 abrupte
1611 880 1775 928 imposita

212 948 307 975 sunt.
357 939 550 976 Caeterum
571 953 705 976 cornua
725 941 872 985 obtusa,
902 941 1105 977 truncatula
1129 941 1187 977 vel
1206 941 1392 977 evidenter
1409 949 1571 977 truncata
1598 945 1773 992 (praeser-

211 1006 275 1039 tim
293 1006 330 1038 in
347 1017 421 1039 var.
445 1009 608 1052 aspera),
644 1018 829 1054 nunquam
850 1005 1072 1055 capitellata3
1107 1007 1142 1040 in
1169 1006 1424 1055 speciminibus
1449 1005 1664 1041 iuvenilibus
1682 1005 1773 1040 indi-

211 1069 349 1111 stincta,
379 1069 415 1102 in
434 1066 563 1102 adultis
581 1069 640 1102 vix
659 1082 819 1118 unquam
838 1071 986 1104 omnino
1006 1068 1220 1104 deficientia.
1274 1069 1439 1105 Cellulae
1465 1068 1552 1103 disci
1576 1071 1613 1104 in
1630 1068 1672 1104 P.
1694 1082 1776 1119 per-

1816 1082 1845 1096 ,χ
1880 1079 1898 1086 -.

211 1138 292 1165 tuso
308 1136 467 1180 genuino
486 1138 521 1165 et
546 1144 674 1178 aspero
698 1134 796 1166 vario
817 1131 928 1181 gradu
954 1134 1201 1176 emaroinatae,
1230 1135 1344 1168 antice
1370 1132 1604 1182 profundius,
1635 1134 1773 1182 postice

1053 1161 1073 1182 τ)

210 1193 323 1231 levius
343 1201 378 1229 et
389 1196 505 1229 minus
525 1202 741 1239 constanter,
771 1208 1034 1244 nonnunquam
1054 1196 1199 1231 bilobae
1220 1204 1255 1231 et
1272 1204 1359 1231 tunc
1379 1195 1519 1231 cellulis
1538 1195 1627 1231 radii
1655 1199 1773 1245 (prae-

209 1265 264 1293 ter
278 1261 429 1301 cornua)
448 1257 544 1292 haud
563 1257 762 1302 absimiles;
785 1260 822 1293 in
841 1259 1025 1294 clathrato
1044 1259 1262 1309 profundius
1282 1260 1471 1308 bipartitae
1491 1260 1656 1294 cruribus
1672 1259 1772 1294 elon-

210 1323 314 1370 gatis·‚
350 1333 369 1356 e
397 1323 577 1355 contrario
604 1323 662 1356 vix
684 1321 743 1357 vel
768 1324 915 1356 omniuo
941 1335 1015 1357 non
1047 1325 1282 1371 einarginatae
1306 1325 1341 1357 in
1367 1328 1570 1370 microporo
1589 1330 1624 1358 et
1650 1322 1774 1357 formis

209 1383 499 1419 characteristicis
518 1383 743 1431 brachylobl.
782 1384 875 1420 Hinc
894 1384 1105 1420 lacunarum
1125 1385 1212 1420 disci
1226 1388 1322 1421 varia
1337 1388 1495 1421 extensio
1512 1385 1658 1435 pendet,
1683 1399 1774 1435 quae

207 1448 358 1482 maxima
375 1448 412 1481 in
431 1446 627 1490 clathram,
651 1449 795 1482 minima
814 1450 851 1483 in
869 1454 1074 1496 microporo
1093 1456 1128 1484 et
1147 1449 1387 1496 brachylob0‚
1417 1451 1453 1484 in
1478 1462 1635 1498 quorum
1659 1452 1772 1499 speci-

207 1511 362 1545 minibus
382 1523 401 1545 e
419 1509 560 1545 cellulis
580 1510 626 1544 64
646 1513 855 1559 compositis
873 1511 1021 1546 lacunae
1041 1511 1117 1546 fere
1144 1520 1373 1548 evanescunt.
1412 1501 1659 1562 Magnitudine
1681 1526 1772 1562 quo-

208 1586 280 1623 que
300 1572 515 1608 cellularum
533 1575 719 1608 varietates
740 1575 833 1608 inter
851 1587 887 1609 se
907 1574 1100 1610 differunt:
1129 1588 1203 1610 var.
1226 1590 1258 1618 α,
1280 1570 1322 1619 Β,
1345 1590 1381 1619 Ὺ,
1406 1573 1434 1611 ὃ.
1466 1575 1606 1611 cellulis
1626 1579 1772 1612 minori-

1454 1640 1505 1690 5¹62

207 1703 243 1736 in
262 1700 308 1735 P.
331 1713 459 1747 aspero
479 1699 632 1734 cellulae
650 1701 814 1744 maiores,
837 1701 874 1751 2⁴¹5
888 1723 927 1728 —
948 1702 984 1751 ᾗ
1006 1701 1110 1745 latae,
1143 1703 1179 1736 in
1207 1701 1432 1749 brachylobo
1451 1716 1557 1753 saepe
1584 1705 1768 1748 maximae,

207 1764 293 1813 3¹5——
310 1763 346 1814 ἐς
366 1763 470 1798 latae.
522 1762 639 1799 Color
665 1771 919 1799 contentorum
950 1764 1042 1800 laete
1074 1764 1131 1801 vel
1162 1765 1409 1809 flavo-viridis,
1446 1768 1482 1801 in
1514 1767 1557 1801 P.
1578 1780 1706 1815 aspero
1737 1776 1772 1803 et

207 1827 431 1875 brachylobo
459 1828 631 1861 intensius
654 1826 788 1871 viridis,
816 1840 1079 1877 nonnunquam
1105 1828 1394 1873 subfuscesoens,
1425 1832 1462 1864 iu
1486 1830 1670 1866 nonnullis
1689 1844 1768 1881 spe-

206 1637 274 1673 bus
300 1635 467 1686 gaudent,
496 1635 671 1671 diametro
695 1637 921 1672 transversali
953 1640 1004 1683 (in
1028 1637 1169 1673 cellulis
1188 1637 1334 1685 adultis)
1355 1639 1440 1688 6¹6—
1528 1641 1641 1675 rarius
1660 1641 1769 1691 [ἕως

207 1891 396 1926 ciminibus
415 1889 561 1925 sordide
580 1889 776 1934 rufescens,
800 1891 902 1926 acido
922 1894 1076 1927 muriato
1096 1892 1257 1927 adhibito
1277 1906 1383 1942 saepe
1403 1893 1613 1929 violascens.
1644 1894 1769 1945 Cytio-

205 1954 341 2004 plasma
360 1953 511 2003 globulo
530 1953 749 1989 subcentrali
768 1956 981 1989 instructum
1001 1963 1065 1999 est,
1090 1957 1352 2006 circumpositis
1372 1957 1531 1992 vacuolis
1550 1957 1768 2008 plerumque

206 2018 228 2052 4
250 2019 377 2064 (rarius
393 2018 428 2062 2,
448 2018 482 2061 3,
506 2017 540 2061 5,
565 2017 623 2063 6),
654 2019 690 2052 in
709 2017 755 2053 P.
778 2017 1002 2066 brachylobo
1021 2019 1159 2055 mediae
1179 2022 1300 2055 aetatis
1318 2023 1530 2070 praesertim
1550 2023 1766 2071 conspicuis.

207 2080 441 2131 Cytioderma
467 2082 502 2115 in
530 2081 696 2115 omnibus
721 2082 948 2117 varietatibus
975 2081 1208 2127 decolorum,
1239 2097 1388 2133 perraro
1415 2083 1625 2120 dilutissime
1656 2085 1769 2120 rubro

206 2150 367 2187 tinctum,
390 2146 530 2180 circiter
549 2145 656 2194 97¹ffi¹¹¹¹¹¹⁴
676 2157 849 2188 crassum,
879 2147 915 2179 in
936 2145 977 2179 P.
997 2159 1125 2193 aspero
1144 2154 1179 2181 et
1197 2149 1407 2196 praesertim
1432 2147 1654 2195 brachylobo
1677 2162 1769 2184 cras-

207 2210 289 2251 sius,
314 2206 487 2243 diametro
507 2209 563 2257 3&
584 2208 627 2242 ad
648 2208 766 2258 ffimm',
791 2208 981 2258 superficie
1001 2210 1037 2243 in
1056 2209 1098 2243 P.
1120 2223 1248 2258 aspero
1266 2211 1464 2246 tuberculis
1484 2211 1769 2255 dentiformibus,

205 2272 416 2321 praesertim
442 2270 486 2306 ad
506 2271 615 2306 latera
646 2271 817 2307 loborum
836 2274 1040 2321 conspicuis
1059 2281 1280 2322 exasperata,
1310 2275 1346 2309 in
1371 2274 1520 2324 reliquis
1540 2277 1766 2311 varietatibus

207 2342 266 2370 aut
286 2336 433 2369 omnino
457 2333 547 2369 laevi
572 2343 631 2370 aut
657 2335 708 2381 (id
734 2335 834 2385 quod
853 2337 888 2370 in
907 2337 1075 2372 varietate
1095 2342 1301 2384 mim-opora
1319 2337 1408 2384 vidi)
1435 2338 1632 2374 tuberculis
1652 2341 1768 2375 minus

205 2399 408 2448 conspicuis
427 2405 598 2446 punctato
613 2420 626 2426 -
644 2407 860 2449 exasperata.
912 2399 952 2433 P.
977 2399 1241 2447 brachylobum
1268 2413 1373 2450 saepe
1393 2400 1436 2436 ad
1463 2402 1562 2437 basin
1589 2415 1765 2438 cornuum

205 2461 402 2498 tuberculis
429 2460 612 2497 nonnullis
631 2476 798 2512 rugarum
817 2465 925 2498 instar
943 2465 1156 2499 instructum
1176 2471 1242 2499 est.
