2225 3020
1155 215 1201 250 30

399 325 454 360 vit,
481 334 551 363 quae
575 333 607 351 ex
632 315 770 357 icone(¹)
795 324 842 348 aut
864 319 1035 359 Hydrocytii
1055 325 1103 348 aut
1123 320 1253 350 Chai-acii
1271 322 1378 361 species
1402 322 1499 352 haberi
1524 328 1633 362 potest,
1658 323 1777 351 maxime
1802 333 1871 351 vero
1897 334 1959 351 cum

400 378 539 403 Characis»
565 375 690 400 Sieboldi
712 371 779 399 mihi
804 371 958 400 convenire
982 371 1115 406 videtur,
1138 371 1183 399 cui
1207 372 1359 410 plantulam
1387 374 1527 402 Morrenii
1549 374 1701 402 identicam
1735 384 1794 402 csse
1821 374 1960 412 suspicor.

399 427 509 455 Auctor
528 422 654 451 eruditus
673 422 764 460 quoad
780 432 886 461 genus,
911 422 955 450 cui
970 421 1124 461 plantulam
1144 433 1220 450 suam
1241 423 1374 460 inseruit,
1402 430 1430 453 et
1457 425 1647 460 characteres,
1667 435 1737 463 quos
1764 424 1787 453 ei
1808 425 1962 463 inscripsit,

399 474 535 514 singulari
555 473 642 501 modo
663 473 798 512 deceptus
817 478 869 508 est,
889 483 951 501 cum
968 473 1182 511 copulationem
1198 474 1404 513 Zygnemaceis
1425 475 1574 515 analogam
1595 486 1645 513 per
1662 475 1767 511 „tubos
1785 475 1961 503 osculantes”

400 527 563 555 observasse
587 524 641 552 sibi
666 524 837 563 persuaserit
862 529 900 559 et,
932 524 1093 552 charactere
1112 535 1189 553 mere
1209 524 1310 553 fictitio
1330 525 1458 561 innixus,
1478 536 1522 554 res
1545 536 1628 564 quam
1652 527 1771 555 maxime
1790 526 1913 555 diversas
1932 526 1961 554 in

400 586 457 605 uno
476 576 633 614 eodemque
653 585 759 615 genere
778 570 1021 612 consociavit(²).

538 626 673 662 Primam,
692 637 773 665 quam
793 626 852 665 ipse
866 626 940 661 vidi,
966 625 1097 655 Chai-acii
1115 626 1238 664 speciem
1258 625 1392 666 Friburgi
1410 627 1579 667 Brisgoviae
1603 637 1670 655 vere
1694 629 1758 656 ¹346
1778 628 1962 656 amicissimus

401 678 511 717 collega
531 682 565 705 de
583 680 696 705 Sielmld
715 677 782 705 mihi
806 676 1014 715 suppeditavit,
1033 677 1097 715 qui,
1118 677 1342 705 Volvocinarum
1362 678 1456 706 studio
1475 684 1535 706 tum
1560 677 1697 716 temporis
1722 678 1906 715 incumbens,
1933 679 1963 707 in

401 729 550 758 uberrimis
570 734 598 757 et
616 727 813 767 pulch'errimis
839 727 920 756 buius
945 727 1022 756 urbis
1050 727 1176 756 fontibus
1202 728 1355 767 plantulam
1377 728 1488 757 invenit
1513 728 1721 757 Conservarum
1741 730 1962 769 germinantium

403 780 498 808 habitu
514 779 678 819 praeditam,
702 779 750 807 sed
767 779 795 806 in
809 778 863 806 hoc
883 779 944 817 ipso
957 784 1030 807 statu
1050 778 1224 818 zoogonidia
1239 785 1448 818 procreantem.
1469 780 1599 808 Studium
1616 780 1695 808 huius
1712 779 1863 818 plantulae,
1882 791 1964 819 quam

403 831 462 870 ipse
474 841 548 859 anno
560 830 725 869 insequente
739 829 993 867 frequentissimam
1009 829 1076 869 legi,
1091 836 1254 868 persecutus
1264 841 1352 870 genus
1369 842 1475 858 novum
1488 831 1646 871 recognovi
1662 836 1690 859 et
1701 834 1835 859 Clmracii
1848 831 1965 860 nomine

403 881 565 922 designavi;
596 881 734 920 speciem,
760 891 830 918 quae
860 881 949 918 prima
974 880 1041 909 mihi
1070 881 1213 917 innotuit,
1246 882 1404 910 inventoris
1425 882 1541 910 nomine
1559 882 1705 910 salutatam
1725 892 1788 910 cum
1809 885 1964 917 Kis'tzingio

403 932 627 967 communicavi,
654 931 701 970 qui
721 931 748 959 in
768 941 871 969 opere:
905 931 1020 970 Species
1041 931 1188 971 Algarum,
1211 934 1277 963 lS'i9
1293 933 1370 960 edito
1393 944 1418 971 p.
1441 939 1490 961 ¹208
1511 933 1624 972 generis
1645 938 1672 961 et
1690 933 1795 971 speciei
1811 933 1961 973 ‹liagnosin

403 984 488 1013 dedit.
525 983 650 1011 Alteram
671 982 794 1020 speciem
815 981 878 1009 huic
897 981 1009 1010 affinem
1029 982 1129 1011 Turici
1153 984 1217 1011 1328
1234 983 1303 1022 legit
1322 983 1356 1011 cl.
1376 986 1480 1018 Nc'igeli
1493 989 1521 1012 et
1533 984 1621 1012 amice
1641 994 1751 1012 mecum
1771 984 1965 1012 communica-

404 1036 460 1069 vit,
488 1045 569 1072 quam
599 1037 732 1061 Characii
755 1035 870 1067 Nc'igelii
896 1033 1012 1061 nomine
1032 1044 1045 1061 a
1066 1044 1109 1062 me
1129 1033 1288 1062 distinctam
1309 1035 1443 1063 inventor
1459 1035 1518 1073 ipse
1537 1034 1623 1063 fusius
1642 1035 1774 1063 tractavit
1788 1041 1816 1063 et
1835 1035 1964 1063 iconibus

406 1079 621 1119 illustravit(³).
666 1084 722 1112 Per
740 1094 829 1111 annos
855 1084 1032 1115 18³'17—1slw
1059 1084 1124 1112 alias
1149 1090 1271 1122 quatuor
1288 1086 1410 1123 species,
1437 1086 1538 1124 partim
1566 1085 1786 1114 fructificatione
1816 1096 1873 1114 non
1901 1086 1967 1114 satis

405 1137 518 1176 cognita
534 1135 641 1170 dubias,
657 1134 760 1162 detexi:
779 1137 825 1161 Ch.
840 1138 961 1168 gibbum,
981 1143 1105 1166 acutum,
1121 1139 1284 1162 subulatum
1305 1141 1333 1164 et
1350 1140 1498 1167 minutum,
1518 1147 1635 1174 quarum
1656 1136 1781 1164 ultimam
1797 1136 1967 1177 Kiitzingius

405 1189 432 1216 in
452 1186 585 1215 addendis
602 1185 635 1213 ad
660 1185 767 1224 species
787 1185 924 1224 Algarum
950 1187 991 1224 (p.
1013 1190 1078 1221 892)
1104 1185 1210 1224 publici
1238 1186 1306 1214 iuris
1334 1186 1409 1215 fecit.
1447 1186 1575 1215 Berolini
1600 1187 1721 1225 denique
1746 1187 1853 1226 species
1880 1198 1967 1216 novas

375 1235 377 1238 .
404 1249 459 1272 sex,
482 1244 543 1266 1551
569 1240 616 1264 Ch.
636 1240 898 1271 ornithocephalum
918 1242 946 1265 et
965 1240 1109 1268 oblusttm,
1140 1242 1204 1265 1852
1227 1240 1274 1265 Ch.
1295 1245 1464 1271 angustum,
1495 1237 1559 1266 1854
1581 1240 1630 1266 Ch.
1649 1242 1789 1269 strictum,
1807 1241 1968 1275 afri-'forme

404 1295 432 1318 et
450 1292 626 1316 horizontale
650 1287 807 1316 observavi.
835 1286 879 1315 Cl.
899 1290 1082 1315 Raberzlzorst
1101 1287 1129 1316 in
1149 1287 1286 1328 Algarum
1307 1288 1411 1316 decade
1431 1289 1530 1316 XVIII
1551 1300 1578 1317 n.
1604 1294 1645 1318 171
1670 1292 1767 1325 (1552)
1797 1292 1968 1317 Clzaracz'um

401 1343 530 1375 longspes
550 1338 699 1377 proposuit
716 1337 786 1366 etin
807 1338 976 1378 Hedwigiae
996 1349 1022 1366 n.
1037 1344 1053 1369 9
1072 1339 1172 1376 (1854)
1192 1344 1211 1366 t.
1228 1339 1277 1367 lx.
1298 1338 1394 1378 figuris
1415 1339 1514 1368 excudi
1534 1340 1651 1375 curavit,
1669 1340 1792 1378 speciem
1814 1339 1867 1369 Ch.
1888 1341 1967 1369 orni-

405 1389 573 1429 thocephalo
592 1389 714 1417 affinem.

543 1440 713 1480 Kiitzingius
736 1438 865 1468 Characii
885 1450 974 1480 genus
995 1439 1070 1468 inter
1088 1442 1261 1467 Palmclleas
1282 1440 1412 1475 inseruit,
1434 1440 1583 1480 Apiocysti
1604 1442 1830 1475 conterminum;
1871 1442 1969 1482 N'age-

405 1492 457 1521 lius
484 1491 623 1520 Characio
649 1497 677 1519 et
711 1490 892 1529 Cystococco
921 1491 1064 1529 propriam
1098 1490 1347 1519 Palmellacearum
1381 1491 1484 1520 tribum
1517 1492 1681 1526 constituit,
1715 1494 1905 1528 Characieas,
1934 1493 1968 1522 de

406 1542 507 1582 quibus
525 1552 609 1582 supra
629 1541 694 1578 (sub
715 1541 854 1577 Codiolo)
874 1541 929 1581 egi.
977 1541 1000 1569 Α
1021 1545 1136 1569 Codiolo
1159 1547 1187 1570 et
1206 1544 1397 1578 Hydrocyub,
1429 1542 1521 1580 quoad
1546 1542 1665 1571 sormam
1686 1543 1804 1572 cellulae
1822 1543 1970 1580 similibus,

406 1594 573 1623 Characium
594 1593 691 1621 differt
717 1592 960 1633 zoogonidiorum
980 1592 1077 1632 genesi
1096 1603 1148 1631 per
1168 1593 1370 1632 generationes
1390 1594 1581 1629 transitorias,
1605 1604 1658 1632 qua
1679 1594 1789 1623 ratione
1813 1598 1973 1623 Ulothrichi

482 1736 530 1776 (¹)
559 1739 676 1767 Morren
696 1737 704 1766 l
735 1748 757 1767 c.
776 1743 797 1766 t.
814 1743 838 1766 2.
854 1737 871 1765 f.
888 1744 968 1767 1-3.

483 1797 531 1840 (²)
558 1805 779 1836 Tessararthra,
804 1812 894 1841 genus
913 1812 926 1829 a
947 1801 998 1830 cel.
1018 1800 1189 1841 Ehrenberg
1210 1807 1276 1830 1833
1293 1801 1483 1840 propositum,
1506 1801 1626 1831 familiae
1645 1803 1904 1832 Desmidiacearum
1920 1811 1972 1841 est,

408 1854 559 1883 Cosmario
579 1853 748 1892 proximum,
767 1863 780 1880 a
800 1863 856 1891 quo
876 1852 976 1881 cellula
1002 1852 1151 1891 biglobosa
1175 1852 1279 1881 differt.
1321 1853 1437 1892 Species
1456 1853 1538 1881 unica
1554 1853 1634 1881 huius
1654 1855 1782 1893 generis,
1808 1857 1839 1883 T.
1858 1860 1971 1884 monili-

400 1908 509 1942 sormis
530 1904 656 1932 Ehrenb.
676 1903 764 1932 Insus.
785 1903 884 1941 p.1!47.
905 1909 923 1930 t.
944 1909 984 1931 10.
1005 1903 1023 1931 s.
1040 1908 1081 1931 20.
1110 1902 1304 1938 (Cosmarium
1333 1903 1528 1932 moniliforme
1552 1904 1628 1932 Ralss
1655 1904 1720 1933 brit.
1746 1906 1843 1934 Desm.
1863 1918 1889 1945 p.
1914 1913 1971 1938 lo7.

408 1963 428 1984 t.
453 1961 490 1985 17.
512 1955 529 1983 f.
544 1958 584 1991 5),
612 1954 728 1983 eandem
750 1953 834 1982 habet
861 1954 1024 1982 cellularum
1044 1953 1096 1982 sub
1116 1954 1256 1982 divisione
1276 1955 1483 1983 dimidiatarum
1504 1955 1789 1995 redintegrationem,
1809 1968 1879 1995 quae
1898 1958 1971 1987 Des-

410 2006 551 2036 midiaceis
572 2006 690 2034 omnino
709 2004 858 2043 peculiaris
877 2010 928 2033 est.
956 2005 1138 2044 Kijtzingius,
1161 2005 1208 2043 qui
1229 2005 1456 2034 Tessararthram
1476 2006 1504 2034 in
1532 2006 1715 2035 Scenedesmi
1734 2018 1824 2047 genus
1844 2008 1973 2045 inseruit,

410 2058 483 2087 forte
502 2057 583 2085 aliam
603 2055 757 2096 plantulam
774 2066 836 2084 cum
856 2055 1091 2095 Ehrenbergiana
1111 2056 1250 2084 confudit.
1288 2057 1505 2085 Tessararthrae
1525 2057 1632 2096 species
1647 2058 1770 2096 reliquae
1790 2069 1803 2086 a
1823 2060 1972 2089 Morrenio

409 2114 589 2138 enumeratae
608 2118 671 2136 cum
691 2107 786 2145 specie
805 2107 928 2146 genuina
949 2117 1041 2145 neque
1060 2107 1292 2143 similitudinem,
1323 2118 1415 2146 neque
1434 2108 1599 2136 affinitatem
1619 2108 1739 2145 habent,
1763 2109 1812 2138 sed
1831 2110 1897 2148 quid
1916 2111 1974 2140 sint

409 2164 536 2198 (praeter
555 2159 634 2187 Tess.
656 2157 859 2192 fasciculatam)
879 2168 893 2186 e
909 2157 1146 2196 descriptionibus
1166 2164 1194 2186 et
1209 2158 1348 2195 iconibus,
1366 2159 1400 2187 ab
1420 2159 1497 2187 omni
1513 2169 1543 2187 re
1562 2160 1636 2187 inter
1650 2159 1738 2199 Algas
1758 2161 1874 2200 cognita
1889 2173 1971 2200 quam

411 2211 528 2238 maxime
553 2209 787 2244 abhorrentibus,
815 2208 887 2236 haud
912 2209 992 2237 facile
1019 2209 1172 2238 eruendem
1199 2220 1259 2238 esse
1283 2210 1351 2238 mihi
1375 2210 1495 2238 videtur.
1541 2209 1572 2238 Si
1599 2210 1767 2239 divinationi
1792 2211 1870 2241 locus
1890 2219 1973 2249 esset,

411 2264 489 2289 Tess.
508 2266 717 2297 ampullaceam
734 2263 768 2295 (t.
785 2265 808 2290 7.
828 2260 866 2297 B)
886 2265 914 2288 et
939 2264 1064 2295 crispam
1087 2262 1121 2297 (t.
1138 2265 1160 2290 7.
1182 2259 1222 2298 C)
1249 2260 1489 2301 Oedogoniorum
1505 2260 1642 2300 plantulas
1662 2262 1832 2301 germinales
1852 2263 1972 2293 fortuito

413 2312 596 2340 cohaerentes
616 2318 644 2340 et
662 2321 695 2340 ex
713 2316 793 2350 parte
812 2316 998 2345 monstrosas,
1018 2313 1097 2339 Tess.
1116 2316 1275 2346 elegantem
1290 2314 1324 2349 (t.
1343 2318 1365 2343 T.
1383 2311 1401 2340 s.
1417 2313 1457 2349 A)
1480 2311 1623 2352 Euglenas
1644 2312 1839 2353 irregulariter
1857 2325 1972 2344 coacer-

412 2368 486 2391 vatas
505 2369 533 2391 et
551 2363 653 2402 passim
674 2361 825 2401 Chytridio
841 2362 991 2400 parasitico
1011 2361 1115 2390 obsitas
1134 2362 1276 2391 haberem.

487 2420 534 2462 (³)
561 2426 634 2466 N'a‘g.
655 2426 727 2455 einz.
748 2425 842 2465 Algen
861 2425 959 2462 (tsst9)
979 2436 1007 2464 p.
1027 2428 1068 2454 36.
1088 2431 1108 2456 t.
1123 2425 1176 2454 ΙΙΙ.
1195 2426 1231 2454 D.
