2225 3020
1167 231 1214 266 20

409 350 438 374 et
447 338 622 385 vegetativae
634 346 663 369 et
674 338 903 368 fructificatoriae
913 338 988 367 vices
999 337 1157 366 successive
1168 343 1272 367 actura.
1292 337 1389 367 Nihilo
1407 338 1497 367 secius
1506 348 1572 367 vera
1581 337 1716 367 etintima
1725 337 1844 366 affinitas
1853 335 1970 366 Codioli

410 407 474 425 cum
494 391 641 423 Codiaceis
664 390 709 419 vix
740 389 869 429 neganda
895 395 945 417 est.
990 387 1154 416 Secundum
1180 388 1410 418 distributionem
1434 388 1573 429 Algarum
1598 388 1808 424 unicellarium,
1837 398 1919 426 quarn
1939 387 1974 416 cl.

410 445 527 485 N‘ageli(
536 439 542 453 ¹
551 445 563 479 )
572 441 731 482 proposuit,
746 440 899 470 Codiolum
910 442 1144 467 Protococcaceis
1159 440 1365 469 accensendum
1377 446 1428 476 est,
1439 440 1456 468 i.
1465 450 1489 469 e.
1503 439 1585 480 Algis
1597 439 1791 477 (strictissimo
1802 439 1901 475 sensu)
1913 438 1976 467 uni-

411 494 603 529 cellularibus,
623 491 875 531 chlorophyllosis‚
901 491 1083 531 vegetatione
1102 490 1244 518 terminali
1266 496 1294 519 et
1315 491 1520 519 ramificatione
1540 490 1700 519 carentibus
1720 496 1748 519 et
1766 489 1976 529 propagatione

409 557 461 586 per
479 544 595 586 gouidia
614 543 774 583 endogena,
790 542 968 583 cytiogenesi
983 541 1071 570 libera
1087 546 1157 577 orta,
1173 540 1293 569 donatis.
1311 541 1356 570 Ab
1372 541 1413 570 his
1428 544 1636 569 Palmellaceas
1651 547 1752 570 auctor
1765 551 1800 570 eo
1814 540 1976 581 distinguit,

408 596 484 636 quod
504 606 554 636 per
573 594 686 624 cellulas
705 604 840 633 processu
859 592 996 622 divisorio
1015 598 1091 621 ortas
1110 597 1317 632 propagantur.
1342 592 1540 621 Palmellaceas
1556 592 1628 630 ipsas
1648 591 1677 620 in
1691 591 1782 620 tribus
1800 597 1858 620 tres
1876 591 1975 630 dispo-

411 642 531 685 nit(²):
564 649 788 681 Tetrasporeas‚
817 644 981 673 cellularum
1001 643 1236 684 generationibus
1256 642 1430 672 ordinalibus
1456 643 1594 678 evolutis,
1613 644 1799 671 Pedia-circas
1820 648 1848 671 et
1868 645 1977 670 Chara-

411 703 502 735 εἴσω,
527 697 690 727 cellularum
710 695 946 736 generationibus
966 694 1141 724 ordinalibus
1165 694 1348 730 transitoriis,
1373 693 1566 734 generationis
1586 693 1735 722 cardinalis
1754 692 1862 722 cellulis
1886 693 1914 722 in
1934 693 1976 721 his

410 749 518 785 liberis,
538 749 567 777 in
585 748 640 777 illis
659 748 688 776 in
708 746 847 776 coenobia
867 745 1036 775 coniunctis.
1062 746 1103 773 Ex
1118 745 1159 774 his
1175 745 1384 784 Tetrasporeae
1403 745 1527 783 quidem,
1542 743 1706 773 cellularum
1725 744 1798 772 serie
1816 744 1977 784 vegetativa

410 801 576 842 gaudentes,
594 810 608 828 a
620 798 856 828 Protococcaceis
873 797 987 837 longius
1001 796 1149 832 recedunt,
1160 796 1340 825 Pediastreae
1355 795 1563 824 etCharacieae
1577 801 1669 823 autem
1682 794 1865 835 vegetatione
1877 805 1977 824 revera

410 850 590 881 unicellulari
610 861 672 879 cum
692 849 790 877 iisdem
810 848 1003 883 conveniunt,
1023 858 1075 876 nec
1094 858 1153 876 non
1173 847 1270 876 habitu
1297 852 1326 875 et
1349 846 1463 876 vivendi
1483 846 1594 875 ratione
1614 846 1851 875 Protococcaceis
1870 846 1975 874 similes

410 897 543 938 sunt(³).
575 900 745 930 Characieae
764 905 792 928 et
810 899 989 928 Pediastreae
1008 909 1022 927 a
1040 898 1277 927 Protococcaceis
1298 898 1430 937 profecto
1450 908 1508 926 non
1535 897 1672 925 differunt
1697 897 1751 925 nisi
1775 896 1900 937 gonidiis
1926 906 1978 935 per

411 954 611 995 generationes
630 950 806 980 transitorias
826 950 963 986 formatis,
982 960 1053 988 quae
1072 949 1297 978 fructificationis
1317 948 1479 977 differentia
1499 959 1558 977 non
1576 947 1668 976 solum
1694 947 1813 976 minoris
1832 947 1978 986 ponderis,

410 1016 493 1044 quarn
511 1004 599 1033 totius
618 1001 807 1042 vegetationis
828 1001 1027 1041 congruentia,
1045 1001 1095 1029 sed
1115 1011 1167 1039 per
1184 1011 1214 1029 se
1233 1011 1348 1039 quoque
1367 1000 1459 1028 minus
1479 999 1573 1039 gravis
1592 1009 1652 1027 esse
1672 998 1740 1027 mibi
1758 999 1880 1027 videtur.
1918 998 1979 1027 Ge—

410 1056 485 1085 nesis
505 1055 580 1084 enim
602 1053 764 1082 cellularum
784 1052 985 1091 propagationi
1006 1052 1035 1079 in
1054 1051 1292 1080 Protococcaceis
1311 1050 1543 1085 inservientium,
1567 1061 1649 1088 quam
1669 1049 1817 1078 divisionis
1836 1049 1978 1088 plasmati-

411 1117 459 1136 cae
477 1104 691 1144 multipartitiae
708 1103 825 1131 nomine
844 1097 1034 1139 distinxi(“),
1054 1102 1146 1130 minus
1166 1102 1354 1130 essentialiter
1368 1112 1382 1130 a
1401 1101 1542 1129 divisione
1561 1100 1669 1129 binaria
1688 1100 1809 1139 repetita
1825 1100 1978 1140 cytioplas-

411 1157 501 1193 matis,
521 1156 599 1185 cuius
619 1165 673 1193 ope
692 1154 808 1194 gonidia
829 1154 856 1181 in
877 1153 1038 1182 Characieis
1066 1158 1094 1181 et
1118 1153 1288 1181 Pediastreis
1314 1158 1499 1192 generantur,
1525 1151 1636 1187 differt,
1662 1162 1747 1189 quum
1771 1151 1869 1180 ambae
1894 1151 1923 1179 in
1943 1161 1977 1180 eo

412 1208 599 1242 conveniant,
619 1206 758 1244 simulque
777 1204 810 1233 ab
830 1205 909 1233 omni
928 1203 1069 1233 divisione
1089 1203 1253 1232 cellularum
1274 1203 1433 1243 vegetativa
1453 1202 1599 1237 differant,
1617 1201 1694 1240 quod
1715 1202 1916 1240 dissepimenta
1935 1202 1978 1230 in-

411 1266 454 1288 ter
473 1264 565 1298 partes
586 1258 718 1286 formatas
742 1255 848 1291 desint,
875 1255 972 1284 ambae
992 1255 1080 1295 igitur
1104 1255 1137 1283 ad
1157 1254 1357 1295 cytiogenesin
1377 1253 1494 1282 liberam
1514 1252 1667 1288 (latissimo
1686 1254 1784 1290 sensu)
1805 1252 1977 1291 pertineant.

413 1310 608 1339 Confirmatur
619 1308 734 1346 insuper
744 1307 887 1335 ambarum
899 1317 984 1335 nexus
995 1306 1222 1334 evidentissimus
1234 1305 1435 1334 observatione
1447 1304 1482 1333 cl.
1491 1303 1693 1343 Pringsheimi,
1706 1303 1753 1342 qui
1763 1303 1791 1331 in
1802 1314 1855 1332 una
1867 1303 1979 1332 eadem-

411 1372 465 1400 que
474 1360 576 1400 specie,
589 1363 736 1387 Coelaslro
744 1361 893 1393 sphaerico
904 1360 914 1394 (
924 1351 962 1394 ⁵),
973 1363 1126 1395 utrumque
1134 1356 1348 1396 propagationis
1360 1356 1475 1384 modum
1488 1355 1566 1383 vidit.
1580 1354 1662 1391 Quae
1677 1365 1762 1393 quum
1773 1354 1810 1383 ita
1821 1355 1887 1390 sint,
1899 1355 1979 1393 equi-

411 1413 474 1441 dem
492 1417 539 1440 aut
554 1410 720 1439 Characieas
741 1414 768 1437 et
779 1409 955 1437 Pediastreas
969 1408 1207 1436 Protococcaceis
1220 1407 1431 1446 subiungendas
1450 1417 1509 1435 esse
1520 1406 1662 1441 existimo,
1676 1411 1724 1433 aut
1734 1405 1979 1434 Protococcaceas

412 1475 474 1492 curn
496 1461 687 1491 Palmellaceis
710 1460 877 1489 coniunctas
896 1459 1059 1488 dividendas
1076 1459 1104 1487 in
1123 1462 1331 1487 Palmellaceas
1348 1461 1496 1493 vegeti'one
1513 1469 1613 1485 revera
1628 1460 1809 1484 unicellulari
1823 1456 1979 1497 gaudentes

410 1515 651 1552 (Protococaceas
678 1522 731 1540 una
751 1522 814 1539 cum
836 1510 998 1539 Charaeieis
1019 1516 1046 1538 et
1074 1510 1245 1538 Pediastreis
1266 1508 1504 1547 complectentes)
1524 1514 1552 1536 et
1570 1510 1779 1535 Polmellaceas
1799 1511 1979 1542 vegetatione

410 1567 622 1593 multicellulari
640 1568 685 1591 vel
701 1565 994 1598 pseudoum'cellulari
1008 1561 1252 1600 (Tetrasporeas).
1269 1560 1327 1589 Illis
1337 1559 1492 1588 Codi01um
1508 1564 1628 1597 propter
1643 1558 1855 1598 vegetationem
1871 1557 1979 1586 unicel-

410 1616 527 1645 lularem
541 1614 723 1643 inserendum
741 1618 793 1648 est,
814 1613 842 1641 ni
854 1613 950 1647 mavis,
973 1612 1106 1652 neglecto
1122 1612 1284 1640 charactere
1301 1610 1472 1650 vegetativo,
1485 1609 1621 1638 suadente
1636 1609 1863 1637 fructificationis
1879 1608 1979 1637 simili—

410 1667 517 1702 tudine,
538 1665 687 1695 Codiaceis
708 1664 903 1699 adnumerare,
923 1663 999 1702 quod
1015 1673 1066 1701 pro
1083 1669 1215 1701 tempore
1230 1662 1415 1690 iniudicatum
1432 1671 1487 1700 ego
1502 1660 1670 1699 relinquam.
1690 1660 1801 1688 Pendet
1820 1660 1895 1688 enim
1911 1670 1981 1688 con-

412 1718 548 1747 troversia
567 1728 581 1746 e
607 1715 754 1755 principiis
779 1714 1002 1742 classim-ationis
1021 1714 1158 1753 Algarum
1180 1714 1208 1742 in
1228 1719 1373 1752 posterum
1392 1711 1577 1740 stabiliendis.
1608 1711 1783 1739 Distributio
1802 1710 1980 1750 systematica

411 1771 439 1798 in
464 1769 566 1797 infimis
586 1773 614 1796 et
631 1766 845 1805 simplicissimis
865 1765 970 1803 ubique
988 1764 1152 1793 difficillima
1172 1770 1291 1803 propter
1310 1763 1465 1802 primordia
1486 1762 1659 1791 diversarum
1674 1762 1811 1790 serierum
1832 1762 1861 1790 in
1880 1761 1978 1790 infimo

411 1820 500 1861 gradu
519 1818 702 1853 confluentia,
722 1817 797 1846 unde
817 1816 922 1844 bivium
942 1816 1068 1854 aperitur
1090 1815 1193 1843 formas
1213 1814 1433 1853 simplicissimas
1453 1819 1500 1841 aut
1524 1813 1552 1841 in
1572 1813 1687 1841 ordines
1706 1813 1748 1840 sui
1768 1812 1837 1841 iuris
1857 1812 1978 1841 coniun-

411 1871 513 1912 gendi,
532 1876 580 1898 aut
602 1875 741 1908 separatas
761 1866 909 1896 ordinibus
929 1867 963 1894 ad
982 1866 1183 1905 perfectiorem
1203 1865 1322 1906 gradum
1341 1863 1579 1894 adscendentibus
1597 1862 1800 1903 subiungendi.

1015 1961 1202 2012 Species
1220 1963 1369 1997 unica:

461 2017 507 2054 C.
531 2028 755 2052 GREGARIUM.

561 2080 707 2115 Habitat
734 2080 771 2113 in
800 2077 915 2113 insula
942 2077 1168 2126 Helgeland,
1198 2075 1243 2111 ad
1266 2076 1386 2111 trabes
1410 2082 1509 2110 aestu
1532 2076 1670 2109 marino
1696 2076 1880 2109 irroratos.
1936 2073 1979 2108 In

412 2146 595 2181 consortio
633 2144 765 2192 passim
798 2142 998 2177 obveniunt
1024 2139 1296 2188 ‘Schizosiphon
1320 2140 1550 2186 scopulorum
1578 2137 1644 2182 K.‚
1680 2137 1856 2173 Ulothrz'x
1880 2142 1978 2185 peni-

488 2243 536 2285 (¹)
564 2247 638 2286 N'a'g.
658 2244 770 2274 einzell.
788 2244 883 2285 Algen
903 2256 930 2283 p.
951 2246 994 2273 40.

489 2305 537 2349 (²)
565 2310 638 2339 Ibid.
654 2320 681 2348 p.
700 2312 744 2338 63.

487 2369 535 2411 (³)
564 2373 756 2412 Comparetur
772 2375 958 2409 Cystococcus
973 2374 1158 2403 Protococco,
1176 2371 1348 2399 Characium
1363 2371 1550 2406 Hydrocytio,
1565 2370 1751 2396 Pediastrum
1765 2370 1973 2405 Hydrodictyo.

489 2431 537 2472 (⁴)
564 2435 703 2474 Verjiing.
724 2445 750 2473 p.
771 2438 832 2464 277.

490 2490 538 2534 (⁵)
566 2496 649 2524 Flora
670 2501 747 2526 1752.
766 2507 793 2535 p.
812 2496 874 2525 [186.
