2225 3020
1192 218 1238 253 38

434 324 592 373 elliptica
611 321 668 356 vel
687 318 1046 362 lineari-lanceolata,
1069 331 1333 368 nonnunquam
1353 319 1432 364 (sed
1451 322 1579 366 rarius)
1601 319 1715 355 altero
1743 319 1854 355 latere
1872 320 1998 369 paullo

433 387 647 422 convexiora
667 411 676 427 ,
717 382 938 431 subobliqua
955 410 963 425 ,
1005 383 1134 417 obtusa
1169 382 1228 417 vel
1263 383 1509 418 obtusiuscula
1527 412 1534 427 ,
1570 386 1794 418 incremento
1832 383 1998 418 absoluto

431 449 597 499 «kx-35⁰⁰*
617 448 734 496 longa,
761 447 807 497 sl‘o
827 446 883 482 vel
902 445 1028 496 paullo
1053 445 1147 480 ultra
1175 459 1303 481 crassa.
1351 446 1470 497 Stipes
1498 447 1664 497 hyalinus
1682 448 1932 490 brevissimus,
1964 448 2000 480 in

430 512 686 562 speciminibus
706 510 819 546 affixis
838 512 907 553 vix,
940 512 975 544 in
995 509 1122 544 solutis
1141 508 1246 544 facile
1266 512 1501 560 conspicuus,
1531 518 1646 554 totus,
1669 510 1758 545 nodi
1776 509 1835 545 vel
1854 508 2002 558 capituli

430 579 550 619 instar,
575 574 781 624 paullulum
800 576 1058 616 intumescens,
1088 572 1233 607 dimidia
1252 572 1328 608 fere
1356 573 1509 609 cellulae
1537 573 1770 608 crassitudine
1791 581 1826 608 et
1844 575 1901 608 vix
1920 572 2000 607 lon-

430 642 507 689 gior
528 652 636 688 quam
655 638 759 673 latus.
800 636 1048 687 Cytioplasma
1067 638 1292 680 continuum,
1315 638 1373 671 vix
1393 637 1637 685 granulosum,
1661 636 1775 672 altero
1796 637 1906 672 latere
1921 636 1998 686 ple-

431 715 586 751 rumque
614 704 722 751 magis
749 700 1010 736 condensatum
1036 708 1071 735 et
1095 702 1267 735 intensius
1292 699 1494 735 coloratum
1524 700 1661 744 (forsan
1687 702 1836 735 cavitate
1856 707 2001 749 angusta

430 780 656 817 percursum,
680 772 789 800 strato
810 763 974 813 parietali
992 763 1076 798 hinc
1097 776 1227 807 crasso,
1251 763 1350 798 illinc
1370 765 1525 809 tenui‘J).
1574 763 1771 807 Globulus,
1803 765 1866 812 qui
1886 763 1997 807 adest,

430 833 558 866 unicus
585 837 619 864 et
650 842 777 879 parum
804 829 1022 876 conspicuus
1052 829 1149 862 strati
1173 827 1373 877 plasmatici
1399 826 1573 863 densioris
1593 829 1741 878 paginae
1760 830 1919 862 internae
1940 827 1999 862 ad-

430 895 593 937 haerens,
616 892 678 928 sed
696 899 849 942 propter
867 892 1061 926 crassitiem
1080 891 1186 925 huius
1214 893 1312 925 strati
1331 891 1584 934 subcentralis‚
1607 893 1682 940 qui,
1708 898 1830 926 utrum
1854 898 2001 926 naturae

431 957 632 1008 amylaceae
657 958 717 999 sit,
746 957 904 990 incertus
930 967 1018 988 sum.
1063 954 1105 989 In
1137 954 1409 1004 cytioplasmate
1436 954 1582 989 demum
1610 955 1723 990 diviso
1751 954 1919 1004 globulos
1948 954 2000 989 di-

431 1024 610 1070 stinguere
635 1020 795 1068 nequivi.
852 1017 1087 1068 Cytioderma
1114 1020 1380 1059 tenuissimum,
1411 1017 1617 1068 hyalinum,
1645 1020 1703 1054 vix
1727 1020 1794 1053 nisi
1824 1020 2001 1053 contentis

430 1086 648 1134 reagentium
668 1095 738 1132 ope
758 1083 950 1116 contractis
970 1083 1220 1129 conspicuum,
1244 1083 1344 1131 apice
1364 1094 1438 1116 non
1457 1084 1701 1126 incrassatum,
1725 1081 1828 1117 acido
1849 1081 1999 1132 sulphu-

430 1151 505 1183 rico
525 1161 608 1182 cum
628 1148 782 1181 tinctura
797 1145 871 1180 iodi
892 1158 966 1179 non
985 1144 1202 1180 coloratum.

555 1211 810 1256 Fruclificalio
829 1216 869 1243 ut
894 1210 929 1243 in
961 1209 1162 1258 prioribus,
1196 1207 1259 1243 sed
1284 1208 1519 1258 cytioplasma
1544 1210 1688 1243 nonnisi
1712 1208 1866 1244 cellulae
1886 1211 1999 1244 incre-

429 1283 552 1310 mento
581 1275 729 1309 omnino
750 1280 809 1307 aut
828 1271 1099 1322 propemodum
1120 1271 1283 1321 perfecto
1303 1285 1515 1321 processum
1535 1271 1743 1307 divisorium
1764 1274 1881 1316 intrat,
1906 1271 2000 1307 diffi-

428 1339 496 1374 cile
515 1336 806 1386 distinguendum
818 1343 972 1386 propter
986 1335 1170 1385 plantillae
1185 1337 1373 1370 minutiem
1385 1343 1420 1370 et
1431 1343 1551 1385 partes
1566 1343 1662 1371 arcte
1677 1336 1743 1370 sibi
1757 1335 2002 1371 adhaerentes.

428 1402 634 1437 Divisiones
655 1403 796 1450 priores
818 1404 852 1444 (a
868 1401 981 1448 prima
1002 1398 1046 1433 ad
1061 1401 1202 1434 tertiam
1217 1401 1253 1433 in
1268 1406 1387 1448 partes
1407 1401 1652 1448 superpositas
1672 1399 1703 1439 ²2,
1717 1399 1750 1439 4,
1765 1399 1803 1444 S)
1824 1407 2000 1435 transver-

428 1465 527 1506 sales,
547 1473 607 1500 aut
626 1471 748 1500 exacte
768 1461 1020 1503 horizontales‚
1040 1470 1101 1497 aut
1120 1462 1325 1512 paullulum
1346 1462 1539 1511 obliquae,
1563 1464 1782 1512 posteriores
1805 1460 1999 1510 longitudi-

428 1529 527 1564 nales
546 1542 628 1563 cum
653 1526 950 1562 transversalibus
972 1525 1200 1569 alternantes,
1228 1526 1360 1574 quibus
1380 1526 1547 1560 omnibus
1574 1525 1730 1574 denique
1750 1524 1919 1575 perfectis
1939 1538 1999 1574 cy-

428 1593 617 1643 tioplasma
634 1594 669 1626 in
682 1590 825 1641 gonidia
837 1589 990 1625 divisum
1003 1597 1037 1624 et
1052 1602 1069 1624 a
1086 1588 1346 1640 cytiodermate
1362 1588 1567 1639 paullulum
1581 1597 1775 1624 retractum
1790 1587 2001 1638 adspectum

427 1655 685 1707 botryoideum
707 1655 868 1704 praebet.
921 1652 1182 1703 Goniocytium
1203 1660 1382 1687 maturum
1401 1654 1459 1688 vix
1479 1651 1666 1696 dilatatur,
1703 1651 1765 1687 sed
1790 1659 1940 1702 repente
1965 1653 2001 1686 in

426 1729 609 1756 tumorem
628 1718 686 1754 vel
712 1726 883 1753 strumam
913 1716 1159 1763 evehitur(¹)‚
1204 1715 1423 1766 plerumque
1448 1718 1483 1750 in
1507 1718 1694 1766 superiore
1721 1715 1874 1751 cellulae
1899 1723 2000 1765 parte

427 1783 624 1826 lateralem,
648 1784 761 1817 rarius
779 1780 1024 1824 terminalem,
1053 1780 1155 1815 brevi
1183 1787 1266 1829 post
1291 1787 1522 1829 rumpentem
1541 1788 1576 1815 et
1602 1779 1905 1828 zoogonidiorum
1924 1786 1998 1813 tur-

428 1849 511 1883 bam
531 1849 753 1882 emittentem
766 1874 774 1889 ,
806 1858 877 1894 qua
897 1846 1023 1879 emissa
1048 1851 1215 1892 apertura
1234 1845 1316 1877 satis
1336 1856 1473 1892 magna,
1506 1845 1664 1892 margine
1685 1850 1885 1878 extrorsum
1905 1841 1999 1877 flexo

428 1911 503 1947 fere
524 1909 760 1945 tubaeformis
780 1910 1014 1958 conspicitur.
1068 1905 1294 1956 Zoogonidia
1319 1908 1354 1941 in
1381 1907 1656 1956 speciminibus,
1691 1919 1782 1954 quae
1809 1907 1874 1940 sub
1894 1909 2000 1956 partu

429 1975 621 2009 observare
646 1973 768 2016 licuit,
799 1971 845 2006 50
861 1994 898 1998 —
912 1971 958 2005 60
978 1970 1072 2014 vidi,
1102 1970 1272 2019 oblonga,
1302 1972 1464 2005 omnium
1483 1972 1686 2020 specierum
1705 1971 1860 2014 minima,
1884 1991 1937 2020 400⁷
1953 1976 1998 1987 ''¹¹¹'‘

427 2039 533 2087 longa
554 2045 588 2072 et
608 2035 791 2071 dimidiam
810 2042 951 2085 partem
966 2047 1093 2069 crassa.
1134 2033 1244 2070 Cilias
1263 2034 1473 2069 vibratorias
1492 2036 1701 2084 conspicere
1721 2032 1807 2068 mihi
1826 2046 1897 2068 non
1915 2046 1999 2068 con-

427 2104 517 2151 tigit.
565 2101 721 2150 Agitatio
742 2097 1046 2148 zoogonidiorum
1066 2105 1222 2133 strumae
1242 2097 1497 2132 formationem
1511 2099 1569 2132 vix
1589 2096 1779 2140 antecedit,
1803 2098 1895 2132 intra
1910 2105 1999 2132 stru-

427 2179 521 2200 mam
542 2163 762 2206 turbulenta,
787 2176 858 2211 qua
877 2175 964 2197 mox
985 2169 1091 2212 rupta
1118 2168 1221 2196 motu
1239 2161 1465 2211 rapidissimo
1491 2160 1691 2209 aufugiunt.
1730 2159 1926 2196 Processus
1946 2160 1997 2195 di-

427 2230 578 2264 visorius
607 2227 705 2262 horis
738 2225 994 2276 pomeridianis
1021 2227 1180 2275 incipere
1212 2232 1248 2260 et
1274 2237 1339 2275 per
1370 2232 1514 2259 noctem
1548 2223 1685 2259 absolvi
1708 2223 1877 2268 videtur,
1911 2236 1996 2258 zoo-

504 2364 555 2407 (¹)
583 2367 649 2404 Qua
674 2377 705 2395 re
729 2366 903 2405 compositio
931 2364 1146 2405 cytiodermatis
1173 2374 1188 2393 e
1213 2363 1378 2393 membrana
1408 2363 1515 2403 duplici
1534 2363 1692 2400 indicatur,
1719 2363 1861 2393 exteriore
1882 2363 1998 2392 duriore

429 2424 457 2446 et
476 2418 614 2447 interiore
633 2417 777 2454 molliore,
793 2417 896 2456 prioris
912 2422 1030 2456 ruptura
1048 2415 1078 2444 in
1098 2421 1222 2444 strumae
1241 2415 1285 2445 vel
1300 2415 1372 2444 sacci
1393 2415 1511 2444 sormam
1531 2414 1657 2443 dilatata.
