2225 3020
970 227 1016 263 27

212 338 247 365 et
263 332 420 379 stipitem
435 331 576 369 intrans,
596 330 631 363 in
648 327 778 363 adultis
794 327 1011 377 plerumque
1026 336 1184 378 utroque
1198 328 1269 364 fine
1284 329 1531 373 rotundatum,
1549 342 1723 365 mucrone
1740 338 1775 365 et

211 395 332 443 stipite
352 392 622 442 cytiodermatis
642 392 837 426 substantia
855 390 997 442 hyalina
1017 392 1177 442 repletis.
1209 392 1381 427 Tinctura
1400 393 1554 429 iodinica
1574 406 1656 428 cum
1671 392 1775 429 acido

213 456 424 506 sulphurico
452 454 609 490 adhibita
645 453 882 504 cytioplasma
910 455 1134 490 contrahitur
1161 463 1196 490 et
1228 455 1412 497 fuscescit,
1450 457 1672 506 cytioderma
1700 469 1775 492 non

211 519 408 554 coloratur.
427 518 487 553 An
507 531 525 553 e
544 520 659 553 stratis
677 519 882 553 successivis
902 521 1146 568 compositum
1165 520 1217 558 sit,
1237 517 1452 568 distinguere
1467 522 1625 569 nequivi,
1649 523 1774 556 crassi-

211 582 334 618 tudine
354 581 621 631 cytiodermatis
639 583 767 631 integri
788 583 900 631 (0¹0-0mm'
919 584 977 618 vix
993 580 1202 617 excedente.

351 646 611 691 Fructificalio.
644 644 788 681 Cellula
807 647 1001 695 vegetativa
1022 644 1167 680 demum
1188 646 1384 694 goniocytii
1403 646 1497 680 vices
1516 648 1596 695 agit.
1636 647 1775 682 Fructi-

210 708 329 743 ficatio
367 707 603 743 dissolutione
635 708 775 758 globuli
813 708 985 759 amylacei
1017 716 1269 757 praeparatur,
1307 710 1369 757 qui
1403 710 1550 743 omnino
1583 713 1773 746 evanescit.

210 771 340 807 Paullo
366 779 450 821 post
469 779 617 807 stratum
638 771 885 820 plasmaticum
905 771 1053 806 maculis
1080 771 1243 821 plurimis
1267 771 1521 821 pallidioribus
1547 775 1772 819 notatur(¹),

212 836 342 884 quibus
361 837 491 870 sensim
511 834 710 870 evidentius
730 835 906 879 limitatis,
938 842 1053 870 totum
1078 837 1114 870 in
1139 834 1289 870 tabellas
1314 835 1558 885 irregulariter
1578 836 1777 886 polygonas

212 898 504 944 describiturff).
548 898 624 933 Hae
639 898 805 943 tabellae,
829 911 912 933 mox
931 900 1024 934 inter
1043 911 1079 934 se
1106 898 1321 943 disiunctae,
1344 898 1558 934 rotundatae
1578 907 1613 934 et
1632 899 1776 949 elonga-

210 970 277 1006 tae,
301 962 515 1011 zoogonidia
533 964 671 1006 sistunt,
696 975 788 1011 quae
808 961 957 997 exordio
977 961 1107 997 leniter
1124 962 1364 1012 trepidanteS,
1389 975 1471 997 mox
1491 962 1654 998 alacriter
1672 965 1777 998 iacta-

212 1033 281 1069 tae,
305 1027 395 1060 intra
416 1027 662 1075 goniocytium
682 1033 883 1067 moventur,
903 1037 1022 1075 eoque
1042 1033 1150 1075 rupto
1171 1033 1231 1060 aut
1249 1039 1316 1075 per
1334 1026 1489 1070 turbam,
1513 1034 1573 1061 aut
1588 1040 1632 1061 ex
1652 1026 1778 1061 ordine

212 1091 425 1124 examinant.
471 1088 733 1139 Goniocytium
753 1097 946 1139 rupturum
972 1088 1083 1124 latere
1103 1089 1321 1138 plerumque
1348 1091 1384 1124 in
1408 1097 1589 1125 tumorem
1615 1090 1780 1126 celeriter

212 1152 386 1196 evehitur,
411 1165 429 1186 e
449 1165 522 1201 quo
543 1165 626 1186 mox
644 1160 843 1187 transverse
863 1152 946 1187 fisso
966 1152 1268 1202 zoogonidiorum
1286 1153 1391 1188 turba
1409 1153 1645 1203 erumpit(3).
1675 1153 1778 1189 Non—

212 1229 398 1264 nunquam
418 1223 534 1250 totum
554 1217 800 1266 goniocytium
819 1217 949 1250 sensim
970 1215 1137 1251 dilatatur
1156 1224 1191 1251 et
1215 1224 1301 1251 tunc
1327 1216 1469 1265 gonidia
1494 1216 1658 1252 alacriter
1684 1225 1780 1252 mota

213 1278 354 1328 longius
373 1282 585 1314 retinentur.
620 1278 748 1314 Rarius
768 1278 925 1328 denique
945 1281 1192 1329 goniocytium
1212 1292 1229 1314 e
1250 1281 1369 1329 stipite
1384 1280 1562 1324 avellitur,
1587 1294 1660 1330 quo
1682 1280 1780 1316 facto

213 1341 356 1391 gonidia
375 1355 440 1391 per
460 1350 665 1391 aperturam
688 1342 878 1377 basilarem
898 1350 1080 1391 angustam
1105 1356 1218 1376 unum
1242 1350 1326 1392 post
1350 1342 1521 1387 alterum,
1550 1357 1616 1379 nec
1636 1346 1711 1380 sine
1730 1344 1779 1379 la-

212 1406 312 1445 bore,
334 1404 606 1450 nascuntur(4).
627 1405 670 1440 In
689 1405 831 1454 singulo
851 1407 1059 1455 goniocytio
1079 1405 1294 1441 zoooonidia
1314 1407 1488 1441 80-150
1509 1415 1544 1442 et
1562 1407 1656 1443 forte
1676 1407 1782 1457 plura

1151 1433 1171 1455 υ

213 1476 439 1518 generantur,
464 1481 556 1518 quae
575 1470 611 1503 in
631 1476 724 1504 statu
744 1468 972 1519 perfecto(⁵)
1000 1468 1157 1518 oblonga
1183 1469 1242 1505 vel
1268 1470 1534 1520 subcylindrica
1553 1479 1636 1506 sunt
1683 1472 1780 1498 ΑΜ·

1645 1499 1654 1515 ,
1686 1501 1730 1522 150

213 1532 331 1581 longa,
356 1532 554 1582 ffi—ffffimm‘
574 1545 700 1576 crassa,
724 1532 816 1568 laete
835 1532 972 1576 viridia,
995 1532 1098 1567 nullo
1119 1533 1269 1582 granulo
1285 1535 1426 1569 interno
1443 1536 1651 1584 conspicue,
1667 1538 1781 1571 antice

214 1595 424 1645 pallidiora,
458 1598 613 1630 tinctura
645 1594 800 1630 iodinica
834 1603 958 1630 necata
991 1608 1033 1630 ex
1058 1603 1137 1631 toto
1165 1596 1428 1632 contrahuntur
1453 1599 1677 1643 (membrana
1708 1612 1781 1633 non

215 1660 425 1708 conspicua)
457 1666 492 1693 et
510 1661 546 1693 in
566 1671 698 1708 corpus
725 1665 870 1693 ovatum
897 1659 1217 1705 abbreviantur(⁶)
1231 1687 1239 1703 ,
1274 1662 1310 1695 in
1330 1663 1430 1695 cuius
1450 1663 1551 1710 apice
1570 1661 1671 1697 ciliae
1692 1662 1783 1698 duae

215 1724 454 1765 tenuissimae,
474 1734 630 1771 corpore
651 1720 766 1771 duplo
787 1721 861 1757 fere
882 1722 1082 1771 longiores,
1107 1725 1248 1758 strictae
1268 1730 1303 1758 et
1320 1723 1540 1773 plerumque
1561 1724 1784 1775 divergentes

217 1787 512 1835 conspiciuntur3
538 1787 651 1820 rarius
673 1784 770 1820 eilias
787 1798 944 1834 corpore
963 1787 1149 1821 breviores
1165 1789 1396 1831 (retractione
1411 1787 1557 1822 demum
1570 1801 1782 1824 evanescen-

216 1851 305 1895 tes¹=.')
318 1848 398 1884 vidi.
413 1848 600 1884 Plantulae
614 1848 712 1883 domi
727 1848 854 1889 cultae,
869 1851 959 1884 saxis
973 1848 1202 1900 Hydrocytio
1218 1849 1314 1900 large
1329 1851 1452 1885 obsitis
1467 1852 1503 1885 in
1518 1865 1599 1886 vasa
1613 1854 1785 1893 immissis,

216 1914 387 1962 proximis
404 1912 530 1947 diebus
545 1911 768 1962 zoogonidiis
782 1913 973 1948 uberrimis
988 1926 1129 1962 aquam,
1140 1916 1350 1962 praesertim
1362 1916 1396 1949 in
1411 1922 1512 1964 parte
1524 1914 1597 1950 luci
1609 1919 1780 1966 exposita,

217 1975 377 2012 viredine
414 1978 611 2011 tinxerunt.
662 1976 1004 2025 Frequentissimam
1032 1976 1333 2026 zoogonidiorum
1366 1980 1593 2013 emissionem
1624 1981 1785 2029 inprimis

217 2039 314 2074 horis
334 2041 513 2074 matutinis
533 2040 738 2083 observavi,
761 2040 903 2089 parcius
922 2040 958 2073 in
976 2040 1218 2089 pomeridiem
1244 2042 1511 2085 continuatam3
1547 2042 1673 2077 ultima
1698 2056 1782 2078 zoo-

219 2103 360 2152 gonidia
379 2105 504 2152 agitata
524 2105 653 2138 mensis
671 2102 754 2138 Iulii
775 2102 901 2138 diebus
921 2105 1054 2138 serenis
1073 2103 1162 2138 hora
1181 2104 1429 2153 pomeridiana
1448 2107 1569 2149 tertia,
1593 2105 1698 2141 coelo
1718 2120 1768 2141 nu

219 2165 294 2200 bilo
315 2165 357 2200 ad
377 2166 502 2201 horam
521 2174 657 2201 sextam
683 2179 799 2215 usque
818 2165 904 2202 vidi.
944 2167 1158 2215 Agitationis
1183 2167 1336 2203 stadium
1356 2168 1439 2203 inde
1460 2182 1477 2203 a
1497 2177 1661 2218 tempore
1681 2172 1784 2205 emis-

295 2356 343 2397 (')
372 2358 442 2387 Tab.
461 2360 498 2388 11.
518 2360 536 2389 f.
558 2367 598 2389 12.
627 2360 712 2390 Conf.
734 2361 956 2401 Hydroclictyon
977 2362 1003 2390 in
1024 2362 1103 2400 Verj.
1123 2373 1149 2401 p.
1170 2367 1230 2390 230.

297 2417 345 2460 (²⁷)
374 2422 445 2451 Tab.
464 2423 501 2452 11.
520 2423 539 2452 f.
563 2431 604 2453 ω.
658 2419 705 2461 (³)
735 2424 814 2453 ἤιε.
839 2430 876 2455 17.
931 2420 978 2463 (⁴)
1006 2424 1024 2453 s.
1046 2426 1085 2454 ιιι.
1108 2431 1147 2454 15.
1202 2419 1249 2462 (⁵)
1276 2424 1421 2454 f.15.16.
1475 2420 1523 2462 (⁶)
1553 2425 1571 2455 f.
1592 2432 1633 2455 18.

1434 2482 1469 2518 D
1485 2483 1507 2518 2
